<?xml version="1.0" encoding="UTF-8"?>
<!DOCTYPE html PUBLIC "-//W3C//DTD XHTML 1.0 Transitional//EN"
    "http://www.w3.org/TR/xhtml1/DTD/xhtml1-transitional.dtd">
<html xmlns="http://www.w3.org/1999/xhtml" xml:lang="en" lang="en">
 <head>
  <title>
</title>
<meta http-equiv="Content-Type" content="text/html;charset=utf-8" />
  <meta name='ocr-system' content='tesseract 3.04.00' />
  <meta name='ocr-capabilities' content='ocr_page ocr_carea ocr_par ocr_line ocrx_word'/>
</head>
<body>
  <div class='ocr_page' id='page_1' title='image "augustirerumase00berggoog_0043.png"; bbox 0 0 3384 5510; ppageno 0'>
   <div class='ocr_carea' id='block_1_1' title="bbox 243 319 1677 1220">
    <p class='ocr_par' dir='ltr' id='par_1_1' title="bbox 243 319 1677 1220">
     <span class='ocr_line' id='line_1_1' title="bbox 949 319 1062 392; baseline 0 -60"><span class='ocrx_word' id='word_1_1' title='bbox 949 319 972 392; x_wconf 74' lang='lat'><strong><em>4</em></strong></span> <span class='ocrx_word' id='word_1_2' title='bbox 1058 323 1062 332; x_wconf 86' lang='grc'>,</span> 
     </span>
     <span class='ocr_line' id='line_1_2' title="bbox 247 491 1674 588; baseline 0.002 -25"><span class='ocrx_word' id='word_1_3' title='bbox 247 491 340 564; x_wconf 85' lang='lat' dir='ltr'>vivus</span> <span class='ocrx_word' id='word_1_4' title='bbox 360 515 425 564; x_wconf 81' lang='lat' dir='ltr'>nou</span> <span class='ocrx_word' id='word_1_5' title='bbox 441 495 664 580; x_wconf 69' lang='lat' dir='ltr'>perfecissem,</span> <span class='ocrx_word' id='word_1_6' title='bbox 694 497 807 581; x_wconf 67' lang='lat' dir='ltr'>persici</span> <span class='ocrx_word' id='word_1_7' title='bbox 828 498 867 564; x_wconf 84' lang='grc'>77</span> <span class='ocrx_word' id='word_1_8' title='bbox 889 497 1057 565; x_wconf 78' lang='lat' dir='ltr'><strong><em>heredibus</em></strong></span> <span class='ocrx_word' id='word_1_9' title='bbox 1078 500 1156 566; x_wconf 87' lang='lat' dir='ltr'>meis</span> <span class='ocrx_word' id='word_1_10' title='bbox 1171 497 1272 588; x_wconf 81' lang='lat' dir='ltr'>jussi)</span> <span class='ocrx_word' id='word_1_11' title='bbox 1295 505 1418 568; x_wconf 83' lang='lat' dir='ltr'><strong><em>aestate</em></strong></span> <span class='ocrx_word' id='word_1_12' title='bbox 1440 519 1470 568; x_wconf 87' lang='lat' dir='ltr'>a.</span> <span class='ocrx_word' id='word_1_13' title='bbox 1491 500 1570 587; x_wconf 87' lang='grc'>767,</span> <span class='ocrx_word' id='word_1_14' title='bbox 1594 503 1674 566; x_wconf 84' lang='lat' dir='ltr'>ante</span> 
     </span>
     <span class='ocr_line' id='line_1_3' title="bbox 247 601 1674 692; baseline 0.001 -21"><span class='ocrx_word' id='word_1_15' title='bbox 247 621 343 690; x_wconf 92' lang='lat' dir='ltr'>quam</span> <span class='ocrx_word' id='word_1_16' title='bbox 363 601 513 690; x_wconf 88' lang='lat' dir='ltr'>prinoeps</span> <span class='ocrx_word' id='word_1_17' title='bbox 535 602 570 669; x_wconf 93' lang='lat' dir='ltr'>in</span> <span class='ocrx_word' id='word_1_18' title='bbox 593 603 804 692; x_wconf 83' lang='lat' dir='ltr'>Campaniam</span> <span class='ocrx_word' id='word_1_19' title='bbox 833 603 994 691; x_wconf 79' lang='lat' dir='ltr'>profectus</span> <span class='ocrx_word' id='word_1_20' title='bbox 1024 611 1090 672; x_wconf 89' lang='lat' dir='ltr'>est:</span> <span class='ocrx_word' id='word_1_21' title='bbox 1118 626 1195 672; x_wconf 92' lang='lat' dir='ltr'>nam</span> <span class='ocrx_word' id='word_1_22' title='bbox 1227 627 1292 673; x_wconf 91' lang='lat' dir='ltr'>non</span> <span class='ocrx_word' id='word_1_23' title='bbox 1323 606 1425 674; x_wconf 87' lang='lat' dir='ltr'>solum</span> <span class='ocrx_word' id='word_1_24' title='bbox 1453 607 1594 674; x_wconf 90' lang='lat' dir='ltr'>lustrum</span> <span class='ocrx_word' id='word_1_25' title='bbox 1625 613 1674 672; x_wconf 92' lang='lat' dir='ltr'>ter·</span> 
     </span>
     <span class='ocr_line' id='line_1_4' title="bbox 245 708 1675 800; baseline 0.001 -25"><span class='ocrx_word' id='word_1_26' title='bbox 245 709 325 776; x_wconf 90' lang='lat' dir='ltr'>tium</span> <span class='ocrx_word' id='word_1_27' title='bbox 347 709 510 777; x_wconf 89' lang='lat' dir='ltr'>eonditum</span> <span class='ocrx_word' id='word_1_28' title='bbox 532 708 643 799; x_wconf 89' lang='lat' dir='ltr'>(verno</span> <span class='ocrx_word' id='word_1_29' title='bbox 670 715 812 797; x_wconf 88' lang='lat' dir='ltr'>tempore</span> <span class='ocrx_word' id='word_1_30' title='bbox 835 731 864 776; x_wconf 92' lang='lat' dir='ltr'>a.</span> <span class='ocrx_word' id='word_1_31' title='bbox 887 711 948 776; x_wconf 88' lang='grc'>767</span> <span class='ocrx_word' id='word_1_32' title='bbox 964 710 989 798; x_wconf 89' lang='grc'>1)</span> <span class='ocrx_word' id='word_1_33' title='bbox 1013 717 1254 800; x_wconf 80' lang='lat' dir='ltr'>commemorat,</span> <span class='ocrx_word' id='word_1_34' title='bbox 1287 712 1345 781; x_wconf 88' lang='lat' dir='ltr'>sed</span> <span class='ocrx_word' id='word_1_35' title='bbox 1367 712 1464 780; x_wconf 90' lang='lat' dir='ltr'>etiam</span> <span class='ocrx_word' id='word_1_36' title='bbox 1485 711 1675 778; x_wconf 80' lang='lat' dir='ltr'>tribuniciae</span> 
     </span>
     <span class='ocr_line' id='line_1_5' title="bbox 245 815 1670 904; baseline -0.001 -22"><span class='ocrx_word' id='word_1_37' title='bbox 245 815 413 903; x_wconf 89' lang='lat' dir='ltr'>potestatis</span> <span class='ocrx_word' id='word_1_38' title='bbox 435 815 507 884; x_wconf 89' lang='lat' dir='ltr'>vioe</span> <span class='ocrx_word' id='word_1_39' title='bbox 533 816 695 884; x_wconf 81' lang='lat' dir='ltr'>tricesima</span> <span class='ocrx_word' id='word_1_40' title='bbox 718 816 856 902; x_wconf 89' lang='lat' dir='ltr'>septima</span> <span class='ocrx_word' id='word_1_41' title='bbox 878 816 941 883; x_wconf 90' lang='lat' dir='ltr'>sibi</span> <span class='ocrx_word' id='word_1_42' title='bbox 963 815 1090 884; x_wconf 89' lang='lat' dir='ltr'>delatae</span> <span class='ocrx_word' id='word_1_43' title='bbox 1112 818 1305 886; x_wconf 82' lang='lat' dir='ltr'>mentionem</span> <span class='ocrx_word' id='word_1_44' title='bbox 1327 817 1422 904; x_wconf 81' lang='lat' dir='ltr'>iaoit,</span> <span class='ocrx_word' id='word_1_45' title='bbox 1452 839 1550 902; x_wconf 90' lang='lat' dir='ltr'>quam</span> <span class='ocrx_word' id='word_1_46' title='bbox 1574 817 1670 902; x_wconf 84' lang='lat' dir='ltr'>auspi</span> 
     </span>
     <span class='ocr_line' id='line_1_6' title="bbox 245 920 1677 1008; baseline 0.001 -21"><span class='ocrx_word' id='word_1_47' title='bbox 245 928 337 989; x_wconf 83' lang='lat' dir='ltr'>uatus</span> <span class='ocrx_word' id='word_1_48' title='bbox 367 927 415 990; x_wconf 90' lang='lat' dir='ltr'>est</span> <span class='ocrx_word' id='word_1_49' title='bbox 444 920 496 988; x_wconf 90' lang='lat' dir='ltr'>die</span> <span class='ocrx_word' id='word_1_50' title='bbox 517 923 558 986; x_wconf 98' lang='grc'>27</span> <span class='ocrx_word' id='word_1_51' title='bbox 582 921 701 988; x_wconf 90' lang='lat' dir='ltr'>mensis</span> <span class='ocrx_word' id='word_1_52' title='bbox 724 921 813 988; x_wconf 89' lang='lat' dir='ltr'>Junii</span> <span class='ocrx_word' id='word_1_53' title='bbox 835 920 978 1007; x_wconf 88' lang='lat' dir='ltr'>ejusdem</span> <span class='ocrx_word' id='word_1_54' title='bbox 999 922 1092 1008; x_wconf 91' lang='lat' dir='ltr'>anni,</span> <span class='ocrx_word' id='word_1_55' title='bbox 1123 923 1163 989; x_wconf 89' lang='lat' dir='ltr'>of.</span> <span class='ocrx_word' id='word_1_56' title='bbox 1186 935 1268 1008; x_wconf 88' lang='lat' dir='ltr'>quae</span> <span class='ocrx_word' id='word_1_57' title='bbox 1290 925 1504 1004; x_wconf 87' lang='lat' dir='ltr'>Mommsenns</span> <span class='ocrx_word' id='word_1_58' title='bbox 1523 945 1556 1008; x_wconf 90' lang='lat' dir='ltr'>p.</span> <span class='ocrx_word' id='word_1_59' title='bbox 1582 925 1604 988; x_wconf 88' lang='lat'><strong>3</strong></span> <span class='ocrx_word' id='word_1_60' title='bbox 1634 944 1677 989; x_wconf 83' lang='lat' dir='ltr'>en·</span> 
     </span>
     <span class='ocr_line' id='line_1_7' title="bbox 243 1025 1677 1114; baseline -0.001 -19"><span class='ocrx_word' id='word_1_61' title='bbox 243 1027 359 1114; x_wconf 91' lang='lat' dir='ltr'>posuit.</span> <span class='ocrx_word' id='word_1_62' title='bbox 403 1027 497 1108; x_wconf 78' lang='lat' dir='ltr'>Quod</span> <span class='ocrx_word' id='word_1_63' title='bbox 518 1027 690 1094; x_wconf 81' lang='lat' dir='ltr'>Suetonius</span> <span class='ocrx_word' id='word_1_64' title='bbox 720 1025 819 1112; x_wconf 88' lang='lat' dir='ltr'>addit,</span> <span class='ocrx_word' id='word_1_65' title='bbox 847 1026 1026 1112; x_wconf 89' lang='lat' dir='ltr'>Augustum</span> <span class='ocrx_word' id='word_1_66' title='bbox 1055 1028 1194 1095; x_wconf 91' lang='lat' dir='ltr'>voluisse</span> <span class='ocrx_word' id='word_1_67' title='bbox 1226 1029 1311 1096; x_wconf 88' lang='lat' dir='ltr'>huno</span> <span class='ocrx_word' id='word_1_68' title='bbox 1343 1029 1482 1095; x_wconf 82' lang='lat' dir='ltr'>indicem</span> <span class='ocrx_word' id='word_1_69' title='bbox 1511 1027 1622 1093; x_wconf 83' lang='lat' dir='ltr'>incidi</span> <span class='ocrx_word' id='word_1_70' title='bbox 1653 1029 1677 1094; x_wconf 91' lang='lat' dir='ltr'>in</span> 
     </span>
     <span class='ocr_line' id='line_1_8' title="bbox 244 1131 1677 1220; baseline -0.001 -21"><span class='ocrx_word' id='word_1_71' title='bbox 244 1133 364 1200; x_wconf 89' lang='lat' dir='ltr'>tabulis</span> <span class='ocrx_word' id='word_1_72' title='bbox 386 1133 518 1200; x_wconf 91' lang='lat' dir='ltr'>aheneis</span> <span class='ocrx_word' id='word_1_73' title='bbox 534 1138 565 1200; x_wconf 90' lang='lat' dir='ltr'>et</span> <span class='ocrx_word' id='word_1_74' title='bbox 587 1132 715 1219; x_wconf 83' lang='lat' dir='ltr'>publice</span> <span class='ocrx_word' id='word_1_75' title='bbox 737 1131 873 1218; x_wconf 92' lang='lat' dir='ltr'>proponi</span> <span class='ocrx_word' id='word_1_76' title='bbox 886 1131 930 1220; x_wconf 78' lang='lat'>²),</span> <span class='ocrx_word' id='word_1_77' title='bbox 965 1133 1117 1219; x_wconf 87' lang='lat' dir='ltr'>seriptum</span> <span class='ocrx_word' id='word_1_78' title='bbox 1138 1133 1199 1199; x_wconf 86' lang='lat' dir='ltr'>fuit</span> <span class='ocrx_word' id='word_1_79' title='bbox 1219 1133 1309 1201; x_wconf 89' lang='lat' dir='ltr'>haud</span> <span class='ocrx_word' id='word_1_80' title='bbox 1331 1133 1427 1201; x_wconf 89' lang='lat' dir='ltr'>dubie</span> <span class='ocrx_word' id='word_1_81' title='bbox 1448 1133 1482 1198; x_wconf 91' lang='lat' dir='ltr'>in</span> <span class='ocrx_word' id='word_1_82' title='bbox 1503 1132 1677 1218; x_wconf 86' lang='lat' dir='ltr'>volumine,</span> 
     </span>
    </p>
   </div>
   <div class='ocr_carea' id='block_1_2' title="bbox 244 1236 1676 1431">
    <p class='ocr_par' dir='ltr' id='par_1_2' title="bbox 244 1236 1676 1431">
     <span class='ocr_line' id='line_1_9' title="bbox 247 1236 1676 1325; baseline 0 -21"><span class='ocrx_word' id='word_1_83' title='bbox 247 1238 331 1322; x_wconf 89' lang='lat' dir='ltr'>quod</span> <span class='ocrx_word' id='word_1_84' title='bbox 352 1237 506 1304; x_wconf 88' lang='lat' dir='ltr'>mandata</span> <span class='ocrx_word' id='word_1_85' title='bbox 536 1237 575 1304; x_wconf 87' lang='lat' dir='ltr'>de</span> <span class='ocrx_word' id='word_1_86' title='bbox 598 1237 710 1304; x_wconf 83' lang='lat' dir='ltr'>funere</span> <span class='ocrx_word' id='word_1_87' title='bbox 734 1236 932 1324; x_wconf 78' lang='lat' dir='ltr'>continebat,</span> <span class='ocrx_word' id='word_1_88' title='bbox 965 1237 1074 1321; x_wconf 92' lang='lat' dir='ltr'>itaque</span> <span class='ocrx_word' id='word_1_89' title='bbox 1105 1237 1165 1304; x_wconf 90' lang='lat' dir='ltr'>iste</span> <span class='ocrx_word' id='word_1_90' title='bbox 1187 1238 1314 1306; x_wconf 91' lang='lat' dir='ltr'>libellus</span> <span class='ocrx_word' id='word_1_91' title='bbox 1336 1245 1409 1325; x_wconf 91' lang='lat' dir='ltr'>post</span> <span class='ocrx_word' id='word_1_92' title='bbox 1428 1237 1572 1305; x_wconf 81' lang='lat' dir='ltr'>indicem</span> <span class='ocrx_word' id='word_1_93' title='bbox 1596 1259 1676 1305; x_wconf 88' lang='lat' dir='ltr'>eom·</span> 
     </span>
     <span class='ocr_line' id='line_1_10' title="bbox 244 1339 777 1431; baseline -0.008 -21"><span class='ocrx_word' id='word_1_94' title='bbox 244 1343 366 1431; x_wconf 90' lang='lat' dir='ltr'>positus</span> <span class='ocrx_word' id='word_1_95' title='bbox 389 1364 460 1411; x_wconf 89' lang='lat' dir='ltr'>esse</span> <span class='ocrx_word' id='word_1_96' title='bbox 481 1341 658 1410; x_wconf 88' lang='lat' dir='ltr'>censendus</span> <span class='ocrx_word' id='word_1_97' title='bbox 682 1346 730 1408; x_wconf 88' lang='lat' dir='ltr'>est</span> <span class='ocrx_word' id='word_1_98' title='bbox 742 1339 777 1428; x_wconf 86' lang='lat'>³).</span> 
     </span>
    </p>
   </div>
   <div class='ocr_carea' id='block_1_3' title="bbox 240 1473 1679 3054">
    <p class='ocr_par' dir='ltr' id='par_1_3' title="bbox 240 1473 1679 3054">
     <span class='ocr_line' id='line_1_11' title="bbox 336 1473 1676 1565; baseline 0.001 -21"><span class='ocrx_word' id='word_1_99' title='bbox 336 1479 551 1547; x_wconf 89' lang='lat' dir='ltr'>Mommsenus</span> <span class='ocrx_word' id='word_1_100' title='bbox 575 1498 646 1543; x_wconf 89' lang='lat' dir='ltr'>eum</span> <span class='ocrx_word' id='word_1_101' title='bbox 668 1481 754 1542; x_wconf 89' lang='lat' dir='ltr'>reete</span> <span class='ocrx_word' id='word_1_102' title='bbox 772 1473 1060 1564; x_wconf 88' lang='lat' dir='ltr'>animadvertisset,</span> <span class='ocrx_word' id='word_1_103' title='bbox 1082 1475 1117 1542; x_wconf 90' lang='lat' dir='ltr'>in</span> <span class='ocrx_word' id='word_1_104' title='bbox 1137 1474 1253 1544; x_wconf 78' lang='lat' dir='ltr'>indicis</span> <span class='ocrx_word' id='word_1_105' title='bbox 1276 1498 1345 1565; x_wconf 89' lang='lat' dir='ltr'>eap.</span> <span class='ocrx_word' id='word_1_106' title='bbox 1360 1476 1422 1546; x_wconf 85' lang='lat' dir='ltr'>XV</span> <span class='ocrx_word' id='word_1_107' title='bbox 1442 1476 1676 1564; x_wconf 79' lang='lat' dir='ltr'>paenultimam</span> 
     </span>
     <span class='ocr_line' id='line_1_12' title="bbox 242 1578 1675 1669; baseline 0.001 -20"><span class='ocrx_word' id='word_1_108' title='bbox 242 1584 470 1654; x_wconf 82' lang='lat' dir='ltr'>liberalitatem</span> <span class='ocrx_word' id='word_1_109' title='bbox 491 1605 557 1653; x_wconf 92' lang='lat' dir='ltr'>non</span> <span class='ocrx_word' id='word_1_110' title='bbox 579 1582 657 1650; x_wconf 88' lang='lat' dir='ltr'>satis</span> <span class='ocrx_word' id='word_1_111' title='bbox 680 1579 845 1648; x_wconf 89' lang='lat' dir='ltr'>eommodo</span> <span class='ocrx_word' id='word_1_112' title='bbox 868 1580 937 1648; x_wconf 85' lang='lat' dir='ltr'>loeo</span> <span class='ocrx_word' id='word_1_113' title='bbox 961 1582 1150 1669; x_wconf 91' lang='lat' dir='ltr'>enumerari,</span> <span class='ocrx_word' id='word_1_114' title='bbox 1173 1581 1330 1667; x_wconf 89' lang='lat' dir='ltr'>siquidem</span> <span class='ocrx_word' id='word_1_115' title='bbox 1354 1585 1551 1651; x_wconf 88' lang='lat' dir='ltr'>urbanarum</span> <span class='ocrx_word' id='word_1_116' title='bbox 1577 1578 1675 1650; x_wconf 85' lang='lat' dir='ltr'>dona·</span> 
     </span>
     <span class='ocr_line' id='line_1_13' title="bbox 244 1678 1675 1777; baseline 0 -21"><span class='ocrx_word' id='word_1_117' title='bbox 244 1690 366 1756; x_wconf 90' lang='lat' dir='ltr'>tionum</span> <span class='ocrx_word' id='word_1_118' title='bbox 389 1691 466 1758; x_wconf 89' lang='lat' dir='ltr'>ordo</span> <span class='ocrx_word' id='word_1_119' title='bbox 489 1690 551 1755; x_wconf 90' lang='lat' dir='ltr'>hae</span> <span class='ocrx_word' id='word_1_120' title='bbox 573 1678 798 1757; x_wconf 83' lang='lat' dir='ltr'>veteranorum</span> <span class='ocrx_word' id='word_1_121' title='bbox 821 1685 994 1754; x_wconf 86' lang='lat' dir='ltr'>donatione</span> <span class='ocrx_word' id='word_1_122' title='bbox 1016 1687 1246 1776; x_wconf 89' lang='lat' dir='ltr'>interpellatur,</span> <span class='ocrx_word' id='word_1_123' title='bbox 1269 1691 1448 1777; x_wconf 84' lang='lat' dir='ltr'>suspicatus</span> <span class='ocrx_word' id='word_1_124' title='bbox 1471 1695 1529 1775; x_wconf 89' lang='lat' dir='ltr'>est,</span> <span class='ocrx_word' id='word_1_125' title='bbox 1565 1689 1675 1775; x_wconf 88' lang='lat' dir='ltr'>Augu-</span> 
     </span>
     <span class='ocr_line' id='line_1_14' title="bbox 243 1792 1675 1880; baseline -0.001 -18"><span class='ocrx_word' id='word_1_126' title='bbox 243 1800 327 1862; x_wconf 89' lang='lat' dir='ltr'>stum</span> <span class='ocrx_word' id='word_1_127' title='bbox 346 1796 431 1863; x_wconf 91' lang='lat' dir='ltr'>huno</span> <span class='ocrx_word' id='word_1_128' title='bbox 453 1795 593 1862; x_wconf 89' lang='lat' dir='ltr'>indieem</span> <span class='ocrx_word' id='word_1_129' title='bbox 611 1792 683 1879; x_wconf 90' lang='lat' dir='ltr'>jam</span> <span class='ocrx_word' id='word_1_130' title='bbox 705 1813 734 1859; x_wconf 92' lang='lat' dir='ltr'>a.</span> <span class='ocrx_word' id='word_1_131' title='bbox 759 1792 823 1860; x_wconf 82' lang='grc'>750</span> <span class='ocrx_word' id='word_1_132' title='bbox 845 1794 1070 1880; x_wconf 74' lang='lat' dir='ltr'>composuisse,</span> <span class='ocrx_word' id='word_1_133' title='bbox 1092 1814 1132 1860; x_wconf 89' lang='lat' dir='ltr'>ao</span> <span class='ocrx_word' id='word_1_134' title='bbox 1153 1800 1266 1880; x_wconf 87' lang='lat' dir='ltr'>postea</span> <span class='ocrx_word' id='word_1_135' title='bbox 1288 1797 1347 1862; x_wconf 90' lang='lat' dir='ltr'>sub</span> <span class='ocrx_word' id='word_1_136' title='bbox 1370 1797 1456 1863; x_wconf 90' lang='lat' dir='ltr'>vitae</span> <span class='ocrx_word' id='word_1_137' title='bbox 1477 1796 1578 1862; x_wconf 88' lang='lat' dir='ltr'>finem</span> <span class='ocrx_word' id='word_1_138' title='bbox 1604 1817 1675 1863; x_wconf 89' lang='grc'>007-</span> 
     </span>
     <span class='ocr_line' id='line_1_15' title="bbox 241 1897 1676 1990; baseline 0.002 -23"><span class='ocrx_word' id='word_1_139' title='bbox 241 1902 435 1988; x_wconf 78' lang='lat' dir='ltr'>tinuavisse3</span> <span class='ocrx_word' id='word_1_140' title='bbox 459 1920 541 1986; x_wconf 89' lang='lat' dir='ltr'>quae</span> <span class='ocrx_word' id='word_1_141' title='bbox 565 1898 748 1985; x_wconf 76' lang='lat' dir='ltr'>oonJeetura</span> <span class='ocrx_word' id='word_1_142' title='bbox 765 1897 793 1964; x_wconf 91' lang='lat' dir='ltr'>si</span> <span class='ocrx_word' id='word_1_143' title='bbox 806 1919 885 1965; x_wconf 90' lang='lat' dir='ltr'>vera</span> <span class='ocrx_word' id='word_1_144' title='bbox 907 1908 1000 1985; x_wconf 91' lang='lat' dir='ltr'>esset,</span> <span class='ocrx_word' id='word_1_145' title='bbox 1024 1919 1134 1967; x_wconf 89' lang='lat' dir='ltr'>omnes</span> <span class='ocrx_word' id='word_1_146' title='bbox 1152 1920 1203 1968; x_wconf 88' lang='lat' dir='ltr'>res</span> <span class='ocrx_word' id='word_1_147' title='bbox 1218 1907 1291 1987; x_wconf 91' lang='lat' dir='ltr'>post</span> <span class='ocrx_word' id='word_1_148' title='bbox 1312 1923 1340 1968; x_wconf 89' lang='grc'>7.</span> <span class='ocrx_word' id='word_1_149' title='bbox 1358 1904 1422 1970; x_wconf 80' lang='grc'>750</span> <span class='ocrx_word' id='word_1_150' title='bbox 1444 1909 1567 1990; x_wconf 80' lang='lat' dir='ltr'>gestae,</span> <span class='ocrx_word' id='word_1_151' title='bbox 1592 1925 1676 1988; x_wconf 90' lang='lat' dir='ltr'>qnae</span> 
     </span>
     <span class='ocr_line' id='line_1_16' title="bbox 240 2004 1677 2095; baseline 0 -19"><span class='ocrx_word' id='word_1_152' title='bbox 240 2007 294 2076; x_wconf 89' lang='lat' dir='ltr'>hio</span> <span class='ocrx_word' id='word_1_153' title='bbox 317 2011 618 2093; x_wconf 89' lang='lat' dir='ltr'>eommemorantur,</span> <span class='ocrx_word' id='word_1_154' title='bbox 656 2004 804 2082; x_wconf 76' lang='lat' dir='ltr'>secundis</span> <span class='ocrx_word' id='word_1_155' title='bbox 835 2005 918 2072; x_wconf 89' lang='lat' dir='ltr'>euris</span> <span class='ocrx_word' id='word_1_156' title='bbox 948 2005 1053 2072; x_wconf 88' lang='lat' dir='ltr'>forent</span> <span class='ocrx_word' id='word_1_157' title='bbox 1082 2006 1221 2074; x_wconf 90' lang='lat' dir='ltr'>additae.</span> <span class='ocrx_word' id='word_1_158' title='bbox 1273 2008 1316 2073; x_wconf 94' lang='lat' dir='ltr'>At</span> <span class='ocrx_word' id='word_1_159' title='bbox 1338 2009 1366 2075; x_wconf 91' lang='lat' dir='ltr'>si</span> <span class='ocrx_word' id='word_1_160' title='bbox 1388 2010 1458 2095; x_wconf 90' lang='lat' dir='ltr'>quis</span> <span class='ocrx_word' id='word_1_161' title='bbox 1480 2011 1677 2095; x_wconf 78' lang='lat' dir='ltr'>singillatim</span> 
     </span>
     <span class='ocr_line' id='line_1_17' title="bbox 242 2109 1676 2205; baseline 0.001 -23"><span class='ocrx_word' id='word_1_162' title='bbox 242 2115 324 2184; x_wconf 87' lang='lat' dir='ltr'>haee</span> <span class='ocrx_word' id='word_1_163' title='bbox 353 2113 605 2198; x_wconf 85' lang='lat' dir='ltr'>examinaverit,</span> <span class='ocrx_word' id='word_1_164' title='bbox 639 2131 711 2178; x_wconf 92' lang='lat' dir='ltr'>eam</span> <span class='ocrx_word' id='word_1_165' title='bbox 733 2109 949 2196; x_wconf 88' lang='lat' dir='ltr'>oonjeoturam</span> <span class='ocrx_word' id='word_1_166' title='bbox 970 2111 1101 2178; x_wconf 88' lang='lat' dir='ltr'>minime</span> <span class='ocrx_word' id='word_1_167' title='bbox 1123 2112 1328 2180; x_wconf 91' lang='lat' dir='ltr'>verisimilem</span> <span class='ocrx_word' id='word_1_168' title='bbox 1355 2135 1425 2183; x_wconf 89' lang='lat' dir='ltr'>esse</span> <span class='ocrx_word' id='word_1_169' title='bbox 1454 2115 1676 2205; x_wconf 48' lang='lat' dir='ltr'>intelligere)</span> 
     </span>
     <span class='ocr_line' id='line_1_18' title="bbox 242 2216 1677 2307; baseline 0 -19"><span class='ocrx_word' id='word_1_170' title='bbox 242 2242 401 2306; x_wconf 87' lang='lat' dir='ltr'>nusquam</span> <span class='ocrx_word' id='word_1_171' title='bbox 434 2221 521 2290; x_wconf 91' lang='lat' dir='ltr'>enim</span> <span class='ocrx_word' id='word_1_172' title='bbox 553 2216 633 2286; x_wconf 90' lang='lat' dir='ltr'>alibi</span> <span class='ocrx_word' id='word_1_173' title='bbox 666 2216 957 2285; x_wconf 89' lang='lat' dir='ltr'>additamentorum</span> <span class='ocrx_word' id='word_1_174' title='bbox 989 2217 1129 2302; x_wconf 83' lang='lat' dir='ltr'>vestigia</span> <span class='ocrx_word' id='word_1_175' title='bbox 1163 2218 1458 2307; x_wconf 87' lang='lat' dir='ltr'>deprehenduntur,</span> <span class='ocrx_word' id='word_1_176' title='bbox 1500 2241 1586 2306; x_wconf 88' lang='lat' dir='ltr'>quae</span> <span class='ocrx_word' id='word_1_177' title='bbox 1628 2223 1677 2291; x_wconf 88' lang='lat' dir='ltr'>vel</span> 
     </span>
     <span class='ocr_line' id='line_1_19' title="bbox 242 2322 1676 2414; baseline 0.001 -20"><span class='ocrx_word' id='word_1_178' title='bbox 242 2347 367 2394; x_wconf 87' lang='lat' dir='ltr'>summa</span> <span class='ocrx_word' id='word_1_179' title='bbox 399 2325 570 2410; x_wconf 80' lang='lat' dir='ltr'>diligentia</span> <span class='ocrx_word' id='word_1_180' title='bbox 600 2322 747 2392; x_wconf 86' lang='lat' dir='ltr'>adhibita</span> <span class='ocrx_word' id='word_1_181' title='bbox 777 2343 875 2408; x_wconf 88' lang='lat' dir='ltr'>aegre</span> <span class='ocrx_word' id='word_1_182' title='bbox 897 2329 1046 2410; x_wconf 88' lang='lat' dir='ltr'>poterant</span> <span class='ocrx_word' id='word_1_183' title='bbox 1075 2322 1220 2392; x_wconf 86' lang='lat' dir='ltr'>devitari.</span> <span class='ocrx_word' id='word_1_184' title='bbox 1264 2325 1421 2410; x_wconf 85' lang='lat' dir='ltr'>Equidem</span> <span class='ocrx_word' id='word_1_185' title='bbox 1444 2326 1537 2395; x_wconf 87' lang='lat' dir='ltr'>oredo</span> <span class='ocrx_word' id='word_1_186' title='bbox 1559 2327 1676 2414; x_wconf 89' lang='lat' dir='ltr'>Augu-</span> 
     </span>
     <span class='ocr_line' id='line_1_20' title="bbox 242 2428 1678 2522; baseline 0.001 -21"><span class='ocrx_word' id='word_1_187' title='bbox 242 2439 431 2520; x_wconf 73' lang='lat' dir='ltr'>stamnum</span> <span class='ocrx_word' id='word_1_188' title='bbox 454 2431 590 2498; x_wconf 81' lang='lat' dir='ltr'>distaret</span> <span class='ocrx_word' id='word_1_189' title='bbox 611 2428 743 2518; x_wconf 80' lang='lat' dir='ltr'>haeu⁵),</span> <span class='ocrx_word' id='word_1_190' title='bbox 777 2436 912 2498; x_wconf 90' lang='lat' dir='ltr'>oetavae</span> <span class='ocrx_word' id='word_1_191' title='bbox 934 2431 1137 2498; x_wconf 89' lang='lat' dir='ltr'>liberalitatis</span> <span class='ocrx_word' id='word_1_192' title='bbox 1158 2429 1193 2496; x_wconf 91' lang='lat' dir='ltr'>in</span> <span class='ocrx_word' id='word_1_193' title='bbox 1214 2433 1398 2517; x_wconf 87' lang='lat' dir='ltr'>praesentia</span> <span class='ocrx_word' id='word_1_194' title='bbox 1429 2433 1582 2522; x_wconf 89' lang='lat' dir='ltr'>oblitum,</span> <span class='ocrx_word' id='word_1_195' title='bbox 1622 2435 1678 2502; x_wconf 87' lang='lat' dir='ltr'>sel</span> 
     </span>
     <span class='ocr_line' id='line_1_21' title="bbox 243 2535 1679 2622; baseline 0.001 -14"><span class='ocrx_word' id='word_1_196' title='bbox 243 2540 393 2608; x_wconf 83' lang='lat' dir='ltr'>continuo</span> <span class='ocrx_word' id='word_1_197' title='bbox 415 2559 587 2608; x_wconf 88' lang='lat' dir='ltr'>memorem</span> <span class='ocrx_word' id='word_1_198' title='bbox 609 2535 790 2622; x_wconf 87' lang='lat' dir='ltr'>addidisse,</span> <span class='ocrx_word' id='word_1_199' title='bbox 826 2535 888 2602; x_wconf 89' lang='lat' dir='ltr'>hoo</span> <span class='ocrx_word' id='word_1_200' title='bbox 910 2543 1017 2604; x_wconf 91' lang='lat' dir='ltr'>autem</span> <span class='ocrx_word' id='word_1_201' title='bbox 1039 2535 1292 2604; x_wconf 87' lang='lat' dir='ltr'>additamentum</span> <span class='ocrx_word' id='word_1_202' title='bbox 1313 2559 1378 2606; x_wconf 87' lang='lat' dir='ltr'>non</span> <span class='ocrx_word' id='word_1_203' title='bbox 1399 2559 1456 2606; x_wconf 89' lang='lat' dir='ltr'>suo</span> <span class='ocrx_word' id='word_1_204' title='bbox 1478 2539 1549 2607; x_wconf 94' lang='lat' dir='ltr'>loeo</span> <span class='ocrx_word' id='word_1_205' title='bbox 1573 2539 1679 2610; x_wconf 86' lang='lat' dir='ltr'>inser·</span> 
     </span>
     <span class='ocr_line' id='line_1_22' title="bbox 241 2639 1678 2734; baseline 0.001 -20"><span class='ocrx_word' id='word_1_206' title='bbox 241 2653 310 2714; x_wconf 89' lang='lat' dir='ltr'>tum</span> <span class='ocrx_word' id='word_1_207' title='bbox 332 2666 420 2732; x_wconf 68' lang='lat' dir='ltr'>esse,</span> <span class='ocrx_word' id='word_1_208' title='bbox 442 2667 519 2712; x_wconf 90' lang='lat' dir='ltr'>nam</span> <span class='ocrx_word' id='word_1_209' title='bbox 540 2644 705 2711; x_wconf 90' lang='lat' dir='ltr'>turbatum</span> <span class='ocrx_word' id='word_1_210' title='bbox 728 2661 798 2710; x_wconf 89' lang='lat' dir='ltr'>esse</span> <span class='ocrx_word' id='word_1_211' title='bbox 820 2639 905 2708; x_wconf 89' lang='lat' dir='ltr'>huno</span> <span class='ocrx_word' id='word_1_212' title='bbox 925 2642 1031 2709; x_wconf 88' lang='lat' dir='ltr'>looum</span> <span class='ocrx_word' id='word_1_213' title='bbox 1046 2641 1154 2708; x_wconf 91' lang='lat' dir='ltr'>monui</span> <span class='ocrx_word' id='word_1_214' title='bbox 1172 2641 1207 2708; x_wconf 89' lang='lat' dir='ltr'>in</span> <span class='ocrx_word' id='word_1_215' title='bbox 1230 2641 1436 2713; x_wconf 87' lang='lat' dir='ltr'>adnotatione</span> <span class='ocrx_word' id='word_1_216' title='bbox 1459 2645 1503 2712; x_wconf 91' lang='lat' dir='ltr'>ad</span> <span class='ocrx_word' id='word_1_217' title='bbox 1517 2665 1591 2734; x_wconf 89' lang='lat' dir='ltr'>oap.</span> <span class='ocrx_word' id='word_1_218' title='bbox 1603 2647 1678 2716; x_wconf 85' lang='lat' dir='ltr'>XV.</span> 
     </span>
     <span class='ocr_line' id='line_1_23' title="bbox 244 2745 1678 2840; baseline 0.003 -22"><span class='ocrx_word' id='word_1_219' title='bbox 244 2753 308 2834; x_wconf 80' lang='lat' dir='ltr'>Qui</span> <span class='ocrx_word' id='word_1_220' title='bbox 328 2757 441 2840; x_wconf 89' lang='lat' dir='ltr'>postea</span> <span class='ocrx_word' id='word_1_221' title='bbox 462 2750 602 2817; x_wconf 78' lang='lat' dir='ltr'>indicem</span> <span class='ocrx_word' id='word_1_222' title='bbox 624 2748 808 2833; x_wconf 88' lang='lat' dir='ltr'>ediderunt,</span> <span class='ocrx_word' id='word_1_223' title='bbox 841 2752 983 2815; x_wconf 90' lang='lat' dir='ltr'>autnon</span> <span class='ocrx_word' id='word_1_224' title='bbox 1013 2745 1307 2816; x_wconf 87' lang='lat' dir='ltr'>animadverterunt</span> <span class='ocrx_word' id='word_1_225' title='bbox 1333 2770 1488 2840; x_wconf 89' lang='lat' dir='ltr'>errorem,</span> <span class='ocrx_word' id='word_1_226' title='bbox 1521 2759 1580 2819; x_wconf 89' lang='lat' dir='ltr'>aut</span> <span class='ocrx_word' id='word_1_227' title='bbox 1602 2755 1678 2822; x_wconf 89' lang='lat' dir='ltr'>reli·</span> 
     </span>
     <span class='ocr_line' id='line_1_24' title="bbox 244 2852 1678 2945; baseline 0.002 -18"><span class='ocrx_word' id='word_1_228' title='bbox 244 2859 341 2945; x_wconf 86' lang='lat' dir='ltr'>gione</span> <span class='ocrx_word' id='word_1_229' title='bbox 364 2856 509 2927; x_wconf 90' lang='lat' dir='ltr'>obstrioti</span> <span class='ocrx_word' id='word_1_230' title='bbox 539 2877 605 2925; x_wconf 91' lang='lat' dir='ltr'>non</span> <span class='ocrx_word' id='word_1_231' title='bbox 636 2861 710 2924; x_wconf 89' lang='lat' dir='ltr'>sunt</span> <span class='ocrx_word' id='word_1_232' title='bbox 732 2853 804 2920; x_wconf 90' lang='lat' dir='ltr'>ausi</span> <span class='ocrx_word' id='word_1_233' title='bbox 833 2852 1008 2938; x_wconf 87' lang='lat' dir='ltr'>quidquam</span> <span class='ocrx_word' id='word_1_234' title='bbox 1027 2853 1211 2942; x_wconf 66' lang='lat' dir='ltr'>immutare,</span> <span class='ocrx_word' id='word_1_235' title='bbox 1242 2855 1289 2922; x_wconf 90' lang='lat' dir='ltr'>ita</span> <span class='ocrx_word' id='word_1_236' title='bbox 1318 2855 1371 2926; x_wconf 89' lang='lat' dir='ltr'>hio</span> <span class='ocrx_word' id='word_1_237' title='bbox 1401 2879 1488 2928; x_wconf 91' lang='lat' dir='ltr'>error</span> <span class='ocrx_word' id='word_1_238' title='bbox 1517 2859 1624 2930; x_wconf 86' lang='lat' dir='ltr'>etiarn</span> <span class='ocrx_word' id='word_1_239' title='bbox 1649 2863 1678 2930; x_wconf 87' lang='lat' dir='ltr'>in</span> 
     </span>
     <span class='ocr_line' id='line_1_25' title="bbox 241 2963 886 3054; baseline -0.012 -19"><span class='ocrx_word' id='word_1_240' title='bbox 241 2967 415 3054; x_wconf 85' lang='lat' dir='ltr'>Aneyrano</span> <span class='ocrx_word' id='word_1_241' title='bbox 439 2963 585 3052; x_wconf 83' lang='lat' dir='ltr'>exemplo</span> <span class='ocrx_word' id='word_1_242' title='bbox 607 2966 806 3051; x_wconf 84' lang='lat' dir='ltr'>propagatus</span> <span class='ocrx_word' id='word_1_243' title='bbox 829 2965 886 3028; x_wconf 91' lang='lat' dir='ltr'>est.</span> 
     </span>
    </p>
   </div>
   <div class='ocr_carea' id='block_1_4' title="bbox 207 3107 1683 3752">
    <p class='ocr_par' dir='ltr' id='par_1_4' title="bbox 207 3107 1683 3752">
     <span class='ocr_line' id='line_1_26' title="bbox 207 3107 1677 3209; baseline 0.005 -19"><span class='ocrx_word' id='word_1_244' title='bbox 207 3107 208 3110; x_wconf 24' lang='lat'>¹</span> <span class='ocrx_word' id='word_1_245' title='bbox 326 3119 431 3209; x_wconf 89' lang='lat' dir='ltr'>Hujus</span> <span class='ocrx_word' id='word_1_246' title='bbox 453 3118 569 3187; x_wconf 88' lang='lat' dir='ltr'>indiois</span> <span class='ocrx_word' id='word_1_247' title='bbox 598 3123 665 3186; x_wconf 85' lang='lat' dir='ltr'>tam</span> <span class='ocrx_word' id='word_1_248' title='bbox 686 3117 822 3185; x_wconf 88' lang='lat' dir='ltr'>latinum</span> <span class='ocrx_word' id='word_1_249' title='bbox 844 3113 1025 3204; x_wconf 83' lang='lat' dir='ltr'>exemplum</span> <span class='ocrx_word' id='word_1_250' title='bbox 1047 3133 1143 3202; x_wconf 90' lang='lat' dir='ltr'>quam</span> <span class='ocrx_word' id='word_1_251' title='bbox 1165 3133 1283 3201; x_wconf 79' lang='lat' dir='ltr'>graeca</span> <span class='ocrx_word' id='word_1_252' title='bbox 1313 3111 1532 3206; x_wconf 87' lang='lat' dir='ltr'>interpretatio</span> <span class='ocrx_word' id='word_1_253' title='bbox 1560 3119 1677 3197; x_wconf 85' lang='lat' dir='ltr'>hodie</span> 
     </span>
     <span class='ocr_line' id='line_1_27' title="bbox 246 3223 1676 3317; baseline 0.003 -19"><span class='ocrx_word' id='word_1_254' title='bbox 246 3247 308 3317; x_wconf 88' lang='lat' dir='ltr'>que</span> <span class='ocrx_word' id='word_1_255' title='bbox 330 3235 419 3297; x_wconf 83' lang='lat' dir='ltr'>extat</span> <span class='ocrx_word' id='word_1_256' title='bbox 439 3229 590 3315; x_wconf 85' lang='lat' dir='ltr'>Ancyrae</span> <span class='ocrx_word' id='word_1_257' title='bbox 613 3225 763 3294; x_wconf 75' lang='lat' dir='ltr'>Galatiae</span> <span class='ocrx_word' id='word_1_258' title='bbox 784 3223 881 3310; x_wconf 69' lang='lat' dir='ltr'>urbe,</span> <span class='ocrx_word' id='word_1_259' title='bbox 914 3243 1052 3310; x_wconf 84' lang='lat' dir='ltr'>graesae</span> <span class='ocrx_word' id='word_1_260' title='bbox 1081 3223 1293 3309; x_wconf 88' lang='lat' dir='ltr'>metaphrasis</span> <span class='ocrx_word' id='word_1_261' title='bbox 1323 3224 1477 3310; x_wconf 88' lang='lat' dir='ltr'>reliquiae</span> <span class='ocrx_word' id='word_1_262' title='bbox 1498 3238 1676 3316; x_wconf 87' lang='lat' dir='ltr'>praeterea</span> 
     </span>
     <span class='ocr_line' id='line_1_28' title="bbox 242 3329 1677 3424; baseline 0.003 -19"><span class='ocrx_word' id='word_1_263' title='bbox 242 3335 444 3424; x_wconf 86' lang='lat' dir='ltr'>Apolloniae,</span> <span class='ocrx_word' id='word_1_264' title='bbox 467 3335 611 3402; x_wconf 89' lang='lat' dir='ltr'>Pisidiae</span> <span class='ocrx_word' id='word_1_265' title='bbox 633 3332 773 3418; x_wconf 76' lang='lat' dir='ltr'>civitate,</span> <span class='ocrx_word' id='word_1_266' title='bbox 795 3337 941 3417; x_wconf 87' lang='lat' dir='ltr'>repertae</span> <span class='ocrx_word' id='word_1_267' title='bbox 963 3335 1052 3415; x_wconf 85' lang='lat' dir='ltr'>sunt;</span> <span class='ocrx_word' id='word_1_268' title='bbox 1074 3329 1264 3415; x_wconf 86' lang='lat' dir='ltr'>inutraque</span> <span class='ocrx_word' id='word_1_269' title='bbox 1286 3329 1373 3396; x_wconf 89' lang='lat' dir='ltr'>enim</span> <span class='ocrx_word' id='word_1_270' title='bbox 1395 3333 1524 3402; x_wconf 87' lang='lat' dir='ltr'>eivitate</span> <span class='ocrx_word' id='word_1_271' title='bbox 1546 3337 1602 3406; x_wconf 91' lang='lat' dir='ltr'>hie</span> <span class='ocrx_word' id='word_1_272' title='bbox 1631 3343 1677 3409; x_wconf 90' lang='lat' dir='ltr'>in-</span> 
     </span>
     <span class='ocr_line' id='line_1_29' title="bbox 245 3435 1678 3527; baseline 0.003 -17"><span class='ocrx_word' id='word_1_273' title='bbox 245 3444 308 3510; x_wconf 87' lang='lat' dir='ltr'>dex</span> <span class='ocrx_word' id='word_1_274' title='bbox 330 3443 366 3510; x_wconf 87' lang='lat' dir='ltr'>in</span> <span class='ocrx_word' id='word_1_275' title='bbox 388 3441 470 3508; x_wconf 88' lang='lat' dir='ltr'>aede</span> <span class='ocrx_word' id='word_1_276' title='bbox 491 3439 629 3527; x_wconf 85' lang='lat' dir='ltr'>Augusti</span> <span class='ocrx_word' id='word_1_277' title='bbox 651 3439 780 3526; x_wconf 89' lang='lat' dir='ltr'>publieo</span> <span class='ocrx_word' id='word_1_278' title='bbox 803 3437 935 3504; x_wconf 87' lang='lat' dir='ltr'>oonsilio</span> <span class='ocrx_word' id='word_1_279' title='bbox 964 3437 1145 3524; x_wconf 88' lang='lat' dir='ltr'>propositus</span> <span class='ocrx_word' id='word_1_280' title='bbox 1175 3435 1245 3502; x_wconf 84' lang='lat' dir='ltr'>fuit.</span> <span class='ocrx_word' id='word_1_281' title='bbox 1277 3437 1417 3504; x_wconf 82' lang='grc' dir='ltr'>Ι17777777</span> <span class='ocrx_word' id='word_1_282' title='bbox 1439 3439 1555 3508; x_wconf 76' lang='lat' dir='ltr'>Graeci</span> <span class='ocrx_word' id='word_1_283' title='bbox 1577 3445 1678 3515; x_wconf 87' lang='lat' dir='ltr'>Asio-</span> 
     </span>
     <span class='ocr_line' id='line_1_30' title="bbox 238 3544 1683 3640; baseline -0.003 -20"><span class='ocrx_word' id='word_1_284' title='bbox 238 3557 292 3620; x_wconf 87' lang='lat' dir='ltr'>tae</span> <span class='ocrx_word' id='word_1_285' title='bbox 313 3550 410 3640; x_wconf 86' lang='lat' dir='ltr'>primi</span> <span class='ocrx_word' id='word_1_286' title='bbox 432 3548 558 3618; x_wconf 85' lang='lat' dir='ltr'>divinos</span> <span class='ocrx_word' id='word_1_287' title='bbox 581 3548 718 3615; x_wconf 89' lang='lat' dir='ltr'>honores</span> <span class='ocrx_word' id='word_1_288' title='bbox 740 3546 885 3630; x_wconf 91' lang='lat' dir='ltr'>Augusto</span> <span class='ocrx_word' id='word_1_289' title='bbox 907 3544 1164 3631; x_wconf 86' lang='lat' dir='ltr'>impertiverunt,</span> <span class='ocrx_word' id='word_1_290' title='bbox 1198 3563 1388 3628; x_wconf 90' lang='lat' dir='ltr'>quamquam</span> <span class='ocrx_word' id='word_1_291' title='bbox 1414 3544 1485 3632; x_wconf 89' lang='lat' dir='ltr'>jam</span> <span class='ocrx_word' id='word_1_292' title='bbox 1506 3555 1619 3638; x_wconf 89' lang='grc'>77777,</span> <span class='ocrx_word' id='word_1_293' title='bbox 1647 3559 1683 3626; x_wconf 81' lang='lat' dir='ltr'>nt</span> 
     </span>
     <span class='ocr_line' id='line_1_31' title="bbox 236 3645 1683 3752; baseline -0.001 -25"><span class='ocrx_word' id='word_1_294' title='bbox 236 3658 372 3746; x_wconf 87' lang='lat' dir='ltr'>videtur,</span> <span class='ocrx_word' id='word_1_295' title='bbox 395 3645 610 3725; x_wconf 86' lang='lat' dir='ltr'>Romanorum</span> <span class='ocrx_word' id='word_1_296' title='bbox 632 3661 797 3742; x_wconf 87' lang='lat' dir='ltr'>poetarum</span> <span class='ocrx_word' id='word_1_297' title='bbox 820 3651 1000 3719; x_wconf 88' lang='lat' dir='ltr'>adsentatio</span> <span class='ocrx_word' id='word_1_298' title='bbox 1023 3650 1174 3718; x_wconf 89' lang='lat' dir='ltr'>inanibus</span> <span class='ocrx_word' id='word_1_299' title='bbox 1192 3656 1277 3717; x_wconf 88' lang='lat' dir='ltr'>eerte</span> <span class='ocrx_word' id='word_1_300' title='bbox 1292 3650 1399 3719; x_wconf 89' lang='lat' dir='ltr'>verbis</span> <span class='ocrx_word' id='word_1_301' title='bbox 1418 3654 1595 3740; x_wconf 77' lang='lat' dir='ltr'>magnifica</span> <span class='ocrx_word' id='word_1_302' title='bbox 1622 3659 1683 3752; x_wconf 70' lang='grc'>777</span> 
     </span>
    </p>
   </div>
   <div class='ocr_carea' id='block_1_5' title="bbox 230 3931 1677 5195">
    <p class='ocr_par' dir='ltr' id='par_1_5' title="bbox 235 3931 1677 4382">
     <span class='ocr_line' id='line_1_32' title="bbox 312 3931 1677 4025; baseline -0.004 -17"><span class='ocrx_word' id='word_1_303' title='bbox 312 3947 337 4025; x_wconf 92' lang='grc'>1)</span> <span class='ocrx_word' id='word_1_304' title='bbox 357 3947 545 4008; x_wconf 84' lang='lat' dir='ltr'>Mommsenus</span> <span class='ocrx_word' id='word_1_305' title='bbox 565 3963 592 4020; x_wconf 86' lang='lat' dir='ltr'>p.</span> <span class='ocrx_word' id='word_1_306' title='bbox 612 3944 629 4004; x_wconf 82' lang='grc'>3</span> <span class='ocrx_word' id='word_1_307' title='bbox 646 3943 700 4004; x_wconf 87' lang='lat' dir='ltr'>hoe</span> <span class='ocrx_word' id='word_1_308' title='bbox 718 3939 841 4002; x_wconf 85' lang='lat' dir='ltr'>lustrum</span> <span class='ocrx_word' id='word_1_309' title='bbox 861 3938 906 4002; x_wconf 82' lang='lat' dir='ltr'>die</span> <span class='ocrx_word' id='word_1_310' title='bbox 928 3941 959 4001; x_wconf 91' lang='grc'>11</span> <span class='ocrx_word' id='word_1_311' title='bbox 979 3937 1082 4002; x_wconf 88' lang='lat' dir='ltr'>mensis</span> <span class='ocrx_word' id='word_1_312' title='bbox 1100 3937 1170 3999; x_wconf 85' lang='lat' dir='ltr'>Maii</span> <span class='ocrx_word' id='word_1_313' title='bbox 1189 3933 1335 4022; x_wconf 79' lang='grc'>7077777777</span> <span class='ocrx_word' id='word_1_314' title='bbox 1354 3959 1413 3999; x_wconf 87' lang='grc'>7777</span> <span class='ocrx_word' id='word_1_315' title='bbox 1433 3931 1517 4009; x_wconf 80' lang='lat' dir='ltr'>dicit,</span> <span class='ocrx_word' id='word_1_316' title='bbox 1546 3934 1598 4000; x_wconf 82' lang='lat' dir='ltr'>sed</span> <span class='ocrx_word' id='word_1_317' title='bbox 1620 3937 1677 4006; x_wconf 83' lang='lat' dir='ltr'>hoo</span> 
     </span>
     <span class='ocr_line' id='line_1_33' title="bbox 237 4033 1677 4110; baseline -0.003 -10"><span class='ocrx_word' id='word_1_318' title='bbox 237 4041 392 4110; x_wconf 69' lang='lat' dir='ltr'>insertum</span> <span class='ocrx_word' id='word_1_319' title='bbox 420 4060 486 4098; x_wconf 89' lang='lat' dir='ltr'>nam</span> <span class='ocrx_word' id='word_1_320' title='bbox 507 4042 584 4096; x_wconf 82' lang='lat' dir='ltr'>Suet.</span> <span class='ocrx_word' id='word_1_321' title='bbox 604 4039 678 4110; x_wconf 86' lang='lat' dir='ltr'>Aug.</span> <span class='ocrx_word' id='word_1_322' title='bbox 697 4039 730 4092; x_wconf 86' lang='grc'>97</span> <span class='ocrx_word' id='word_1_323' title='bbox 756 4055 810 4093; x_wconf 89' lang='grc'>707</span> <span class='ocrx_word' id='word_1_324' title='bbox 836 4036 907 4092; x_wconf 82' lang='grc'>717777</span> <span class='ocrx_word' id='word_1_325' title='bbox 927 4037 1049 4108; x_wconf 87' lang='lat' dir='ltr'>Augusti</span> <span class='ocrx_word' id='word_1_326' title='bbox 1074 4037 1197 4090; x_wconf 87' lang='lat' dir='ltr'>statuam</span> <span class='ocrx_word' id='word_1_327' title='bbox 1225 4053 1258 4091; x_wconf 92' lang='lat' dir='ltr'>eo</span> <span class='ocrx_word' id='word_1_328' title='bbox 1284 4035 1345 4106; x_wconf 88' lang='lat' dir='ltr'>ipso</span> <span class='ocrx_word' id='word_1_329' title='bbox 1370 4033 1415 4090; x_wconf 87' lang='lat' dir='ltr'>die</span> <span class='ocrx_word' id='word_1_330' title='bbox 1443 4034 1560 4090; x_wconf 88' lang='lat' dir='ltr'>fulmine</span> <span class='ocrx_word' id='word_1_331' title='bbox 1581 4037 1677 4096; x_wconf 85' lang='grc'>707777</span> 
     </span>
     <span class='ocr_line' id='line_1_34' title="bbox 239 4125 1676 4204; baseline -0.002 -15"><span class='ocrx_word' id='word_1_332' title='bbox 239 4137 307 4204; x_wconf 84' lang='grc'>7777,</span> <span class='ocrx_word' id='word_1_333' title='bbox 328 4151 384 4204; x_wconf 91' lang='lat' dir='ltr'>quo</span> <span class='ocrx_word' id='word_1_334' title='bbox 403 4133 524 4188; x_wconf 84' lang='lat' dir='ltr'>lustrum</span> <span class='ocrx_word' id='word_1_335' title='bbox 543 4129 651 4195; x_wconf 85' lang='lat' dir='ltr'>feeerit,</span> <span class='ocrx_word' id='word_1_336' title='bbox 681 4127 729 4184; x_wconf 87' lang='lat' dir='ltr'>sed</span> <span class='ocrx_word' id='word_1_337' title='bbox 748 4129 793 4181; x_wconf 82' lang='lat' dir='ltr'>sub</span> <span class='ocrx_word' id='word_1_338' title='bbox 813 4127 883 4182; x_wconf 83' lang='lat' dir='ltr'>idem</span> <span class='ocrx_word' id='word_1_339' title='bbox 902 4134 1019 4198; x_wconf 73' lang='lat' dir='ltr'>tempus,-</span> <span class='ocrx_word' id='word_1_340' title='bbox 1039 4146 1130 4197; x_wconf 90' lang='lat' dir='ltr'>neque</span> <span class='ocrx_word' id='word_1_341' title='bbox 1150 4127 1209 4182; x_wconf 89' lang='lat' dir='ltr'>dies</span> <span class='ocrx_word' id='word_1_342' title='bbox 1231 4127 1261 4180; x_wconf 88' lang='lat'>11</span> <span class='ocrx_word' id='word_1_343' title='bbox 1281 4145 1318 4180; x_wconf 89' lang='grc'>77.</span> <span class='ocrx_word' id='word_1_344' title='bbox 1338 4125 1421 4195; x_wconf 78' lang='lat' dir='ltr'>Maji,</span> <span class='ocrx_word' id='word_1_345' title='bbox 1447 4125 1497 4194; x_wconf 90' lang='lat' dir='ltr'>qni</span> <span class='ocrx_word' id='word_1_346' title='bbox 1515 4125 1571 4179; x_wconf 84' lang='lat' dir='ltr'>fuit</span> <span class='ocrx_word' id='word_1_347' title='bbox 1592 4130 1676 4186; x_wconf 85' lang='lat' dir='ltr'>nefa·</span> 
     </span>
     <span class='ocr_line' id='line_1_35' title="bbox 236 4213 1676 4296; baseline -0.006 -12"><span class='ocrx_word' id='word_1_348' title='bbox 236 4230 304 4294; x_wconf 86' lang='grc'>77777,</span> <span class='ocrx_word' id='word_1_349' title='bbox 324 4223 459 4296; x_wconf 89' lang='lat' dir='ltr'>quoniam</span> <span class='ocrx_word' id='word_1_350' title='bbox 478 4241 511 4280; x_wconf 86' lang='lat' dir='ltr'>eo</span> <span class='ocrx_word' id='word_1_351' title='bbox 530 4221 575 4277; x_wconf 86' lang='lat' dir='ltr'>die</span> <span class='ocrx_word' id='word_1_352' title='bbox 595 4219 726 4277; x_wconf 81' lang='lat' dir='ltr'>Lemuria</span> <span class='ocrx_word' id='word_1_353' title='bbox 746 4221 976 4285; x_wconf 84' lang='lat' dir='ltr'>celebrabantur,</span> <span class='ocrx_word' id='word_1_354' title='bbox 1005 4219 1120 4274; x_wconf 87' lang='lat' dir='ltr'>videtur</span> <span class='ocrx_word' id='word_1_355' title='bbox 1138 4220 1221 4290; x_wconf 84' lang='lat' dir='ltr'>aptus</span> <span class='ocrx_word' id='word_1_356' title='bbox 1241 4217 1331 4271; x_wconf 87' lang='lat' dir='ltr'>lustro</span> <span class='ocrx_word' id='word_1_357' title='bbox 1350 4215 1502 4271; x_wconf 80' lang='lat' dir='ltr'>condendo.</span> <span class='ocrx_word' id='word_1_358' title='bbox 1539 4213 1596 4273; x_wconf 85' lang='lat' dir='ltr'>Illo</span> <span class='ocrx_word' id='word_1_359' title='bbox 1617 4221 1676 4292; x_wconf 87' lang='lat' dir='ltr'>igi·</span> 
     </span>
     <span class='ocr_line' id='line_1_36' title="bbox 235 4309 1480 4382; baseline -0.009 -10"><span class='ocrx_word' id='word_1_360' title='bbox 235 4317 283 4372; x_wconf 84' lang='grc'>7777</span> <span class='ocrx_word' id='word_1_361' title='bbox 302 4315 348 4372; x_wconf 88' lang='lat' dir='ltr'>die</span> <span class='ocrx_word' id='word_1_362' title='bbox 366 4315 481 4371; x_wconf 83' lang='lat' dir='ltr'>videtur</span> <span class='ocrx_word' id='word_1_363' title='bbox 499 4314 595 4368; x_wconf 85' lang='lat' dir='ltr'>statua</span> <span class='ocrx_word' id='word_1_364' title='bbox 615 4310 751 4382; x_wconf 82' lang='lat' dir='ltr'>principis</span> <span class='ocrx_word' id='word_1_365' title='bbox 769 4309 888 4365; x_wconf 86' lang='lat' dir='ltr'>fulmine</span> <span class='ocrx_word' id='word_1_366' title='bbox 907 4309 965 4363; x_wconf 87' lang='grc'>7777</span> <span class='ocrx_word' id='word_1_367' title='bbox 985 4327 1052 4376; x_wconf 86' lang='grc'>7777,</span> <span class='ocrx_word' id='word_1_368' title='bbox 1070 4309 1160 4364; x_wconf 86' lang='grc'>177770</span> <span class='ocrx_word' id='word_1_369' title='bbox 1174 4309 1235 4378; x_wconf 87' lang='lat' dir='ltr'>jam</span> <span class='ocrx_word' id='word_1_370' title='bbox 1254 4309 1339 4364; x_wconf 86' lang='lat' dir='ltr'>antea</span> <span class='ocrx_word' id='word_1_371' title='bbox 1357 4309 1480 4380; x_wconf 86' lang='lat' dir='ltr'>peraeto.</span> 
     </span>
    </p>

    <p class='ocr_par' dir='ltr' id='par_1_6' title="bbox 234 4398 1674 4568">
     <span class='ocr_line' id='line_1_37' title="bbox 307 4398 1674 4479; baseline 0 -19"><span class='ocrx_word' id='word_1_372' title='bbox 307 4408 335 4479; x_wconf 90' lang='grc'>2)</span> <span class='ocrx_word' id='word_1_373' title='bbox 354 4405 537 4470; x_wconf 86' lang='lat' dir='ltr'>Mausoleum,</span> <span class='ocrx_word' id='word_1_374' title='bbox 557 4421 644 4476; x_wconf 88' lang='lat' dir='ltr'>prope</span> <span class='ocrx_word' id='word_1_375' title='bbox 664 4401 740 4472; x_wconf 92' lang='lat' dir='ltr'>quod</span> <span class='ocrx_word' id='word_1_376' title='bbox 758 4401 826 4457; x_wconf 89' lang='lat' dir='ltr'>illae</span> <span class='ocrx_word' id='word_1_377' title='bbox 844 4399 960 4456; x_wconf 88' lang='lat' dir='ltr'>tabulae</span> <span class='ocrx_word' id='word_1_378' title='bbox 985 4399 1139 4454; x_wconf 87' lang='lat' dir='ltr'>eollooatae</span> <span class='ocrx_word' id='word_1_379' title='bbox 1158 4399 1241 4468; x_wconf 89' lang='lat' dir='ltr'>sunt,</span> <span class='ocrx_word' id='word_1_380' title='bbox 1266 4399 1411 4472; x_wconf 85' lang='lat' dir='ltr'>Augustus</span> <span class='ocrx_word' id='word_1_381' title='bbox 1426 4398 1485 4470; x_wconf 85' lang='lat' dir='ltr'>jam</span> <span class='ocrx_word' id='word_1_382' title='bbox 1502 4415 1527 4454; x_wconf 90' lang='lat' dir='ltr'>a.</span> <span class='ocrx_word' id='word_1_383' title='bbox 1548 4398 1603 4456; x_wconf 88' lang='grc'>726</span> <span class='ocrx_word' id='word_1_384' title='bbox 1626 4419 1674 4461; x_wconf 84' lang='lat' dir='ltr'>ae·</span> 
     </span>
     <span class='ocr_line' id='line_1_38' title="bbox 234 4495 653 4568; baseline -0.012 -14"><span class='ocrx_word' id='word_1_385' title='bbox 234 4497 361 4554; x_wconf 87' lang='lat' dir='ltr'>difieavit</span> <span class='ocrx_word' id='word_1_386' title='bbox 380 4497 468 4568; x_wconf 82' lang='lat' dir='ltr'>(Suet.</span> <span class='ocrx_word' id='word_1_387' title='bbox 489 4495 561 4567; x_wconf 89' lang='lat' dir='ltr'>Aug.</span> <span class='ocrx_word' id='word_1_388' title='bbox 583 4495 653 4567; x_wconf 85' lang='lat'>100.)</span> 
     </span>
    </p>

    <p class='ocr_par' dir='ltr' id='par_1_7' title="bbox 234 4577 1672 4738">
     <span class='ocr_line' id='line_1_39' title="bbox 306 4577 1672 4659; baseline -0.003 -15"><span class='ocrx_word' id='word_1_389' title='bbox 306 4589 334 4659; x_wconf 84' lang='lat'>3)</span> <span class='ocrx_word' id='word_1_390' title='bbox 353 4587 447 4644; x_wconf 84' lang='lat' dir='ltr'>Minus</span> <span class='ocrx_word' id='word_1_391' title='bbox 466 4587 542 4642; x_wconf 87' lang='lat' dir='ltr'>reete</span> <span class='ocrx_word' id='word_1_392' title='bbox 562 4585 750 4644; x_wconf 86' lang='lat' dir='ltr'>Mommsonns</span> <span class='ocrx_word' id='word_1_393' title='bbox 769 4597 797 4656; x_wconf 86' lang='lat' dir='ltr'>p.</span> <span class='ocrx_word' id='word_1_394' title='bbox 815 4577 841 4640; x_wconf 81' lang='lat' dir='ltr'>V</span> <span class='ocrx_word' id='word_1_395' title='bbox 863 4577 1009 4646; x_wconf 75' lang='grc'>7777777777</span> <span class='ocrx_word' id='word_1_396' title='bbox 1027 4580 1187 4656; x_wconf 78' lang='lat' dir='ltr'>Augustum</span> <span class='ocrx_word' id='word_1_397' title='bbox 1204 4577 1257 4640; x_wconf 83' lang='lat' dir='ltr'>hoo</span> <span class='ocrx_word' id='word_1_398' title='bbox 1276 4577 1308 4641; x_wconf 87' lang='grc'>77</span> <span class='ocrx_word' id='word_1_399' title='bbox 1326 4579 1495 4640; x_wconf 65' lang='lat' dir='ltr'>testamento</span> <span class='ocrx_word' id='word_1_400' title='bbox 1511 4577 1672 4658; x_wconf 76' lang='lat' dir='ltr'>heredibus</span> 
     </span>
     <span class='ocr_line' id='line_1_40' title="bbox 234 4676 498 4738; baseline -0.008 -1"><span class='ocrx_word' id='word_1_401' title='bbox 234 4679 291 4738; x_wconf 85' lang='lat' dir='ltr'>suis</span> <span class='ocrx_word' id='word_1_402' title='bbox 311 4676 498 4736; x_wconf 86' lang='lat' dir='ltr'>mandavisse.</span> 
     </span>
    </p>

    <p class='ocr_par' dir='ltr' id='par_1_8' title="bbox 235 4757 1670 4935">
     <span class='ocr_line' id='line_1_41' title="bbox 242 4757 1670 4847; baseline 0.003 -21"><span class='ocrx_word' id='word_1_403' title='bbox 242 4837 244 4845; x_wconf 22' lang='lat' dir='ltr'>y</span> <span class='ocrx_word' id='word_1_404' title='bbox 305 4772 334 4844; x_wconf 82' lang='grc'>4)</span> <span class='ocrx_word' id='word_1_405' title='bbox 353 4769 433 4837; x_wconf 84' lang='lat' dir='ltr'>Quod</span> <span class='ocrx_word' id='word_1_406' title='bbox 452 4782 579 4826; x_wconf 86' lang='lat' dir='ltr'>assensus</span> <span class='ocrx_word' id='word_1_407' title='bbox 599 4765 642 4824; x_wconf 89' lang='grc'>777</span> <span class='ocrx_word' id='word_1_408' title='bbox 662 4762 865 4836; x_wconf 84' lang='lat' dir='ltr'>Brambaohius</span> <span class='ocrx_word' id='word_1_409' title='bbox 884 4765 967 4842; x_wconf 84' lang='lat' dir='ltr'>(Mus.</span> <span class='ocrx_word' id='word_1_410' title='bbox 985 4767 1076 4828; x_wconf 83' lang='grc'>177777.</span> <span class='ocrx_word' id='word_1_411' title='bbox 1094 4765 1154 4841; x_wconf 82' lang='lat' dir='ltr'>XX,</span> <span class='ocrx_word' id='word_1_412' title='bbox 1173 4769 1246 4847; x_wconf 83' lang='lat'>605),</span> <span class='ocrx_word' id='word_1_413' title='bbox 1272 4763 1372 4828; x_wconf 85' lang='lat' dir='ltr'>sobriis</span> <span class='ocrx_word' id='word_1_414' title='bbox 1390 4757 1552 4826; x_wconf 84' lang='grc'>7077777777</span> <span class='ocrx_word' id='word_1_415' title='bbox 1573 4763 1670 4830; x_wconf 80' lang='lat' dir='ltr'>haud·</span> 
     </span>
     <span class='ocr_line' id='line_1_42' title="bbox 235 4858 1036 4935; baseline 0 -17"><span class='ocrx_word' id='word_1_416' title='bbox 235 4877 378 4934; x_wconf 84' lang='lat' dir='ltr'>quaquam</span> <span class='ocrx_word' id='word_1_417' title='bbox 398 4858 639 4918; x_wconf 77' lang='lat' dir='ltr'>commendaverit</span> <span class='ocrx_word' id='word_1_418' title='bbox 657 4858 823 4920; x_wconf 87' lang='lat' dir='ltr'>Mommseni</span> <span class='ocrx_word' id='word_1_419' title='bbox 841 4861 1036 4935; x_wconf 83' lang='lat' dir='ltr'>suspicionem.</span> 
     </span>
    </p>

    <p class='ocr_par' dir='ltr' id='par_1_9' title="bbox 230 4947 1668 5195">
     <span class='ocr_line' id='line_1_43' title="bbox 307 4947 1668 5029; baseline 0.006 -21"><span class='ocrx_word' id='word_1_420' title='bbox 307 4952 335 5023; x_wconf 86' lang='grc'>5)</span> <span class='ocrx_word' id='word_1_421' title='bbox 354 4949 532 5010; x_wconf 82' lang='grc' dir='ltr'>Β7777777777</span> <span class='ocrx_word' id='word_1_422' title='bbox 551 4948 684 5024; x_wconf 74' lang='lat' dir='ltr'>princeps</span> <span class='ocrx_word' id='word_1_423' title='bbox 701 4969 752 5010; x_wconf 87' lang='lat' dir='ltr'>sua</span> <span class='ocrx_word' id='word_1_424' title='bbox 770 4971 857 5012; x_wconf 87' lang='lat' dir='ltr'>manu</span> <span class='ocrx_word' id='word_1_425' title='bbox 875 4953 1003 5028; x_wconf 81' lang='lat' dir='ltr'>scripsit,</span> <span class='ocrx_word' id='word_1_426' title='bbox 1022 4955 1055 5012; x_wconf 90' lang='lat' dir='ltr'>ut</span> <span class='ocrx_word' id='word_1_427' title='bbox 1073 4947 1187 5012; x_wconf 73' lang='lat' dir='ltr'>Tacitus</span> <span class='ocrx_word' id='word_1_428' title='bbox 1206 4953 1279 5012; x_wconf 91' lang='lat' dir='ltr'>Ann.</span> <span class='ocrx_word' id='word_1_429' title='bbox 1296 4950 1319 5024; x_wconf 90' lang='grc' dir='ltr'>Ῑ,</span> <span class='ocrx_word' id='word_1_430' title='bbox 1339 4953 1371 5012; x_wconf 95' lang='grc'>11</span> <span class='ocrx_word' id='word_1_431' title='bbox 1391 4949 1568 5024; x_wconf 81' lang='lat' dir='ltr'>testificatur,</span> <span class='ocrx_word' id='word_1_432' title='bbox 1597 4973 1668 5029; x_wconf 77' lang='lat' dir='ltr'>quo·</span> 
     </span>
     <span class='ocr_line' id='line_1_44' title="bbox 230 5040 1668 5122; baseline 0.006 -23"><span class='ocrx_word' id='word_1_433' title='bbox 230 5040 309 5099; x_wconf 87' lang='lat' dir='ltr'>niam</span> <span class='ocrx_word' id='word_1_434' title='bbox 327 5058 361 5097; x_wconf 91' lang='lat' dir='ltr'>eo</span> <span class='ocrx_word' id='word_1_435' title='bbox 379 5040 494 5122; x_wconf 80' lang='lat' dir='ltr'>imperii</span> <span class='ocrx_word' id='word_1_436' title='bbox 512 5059 617 5100; x_wconf 88' lang='lat' dir='ltr'>areana</span> <span class='ocrx_word' id='word_1_437' title='bbox 636 5044 870 5116; x_wconf 78' lang='lat' dir='ltr'>continebantnr3</span> <span class='ocrx_word' id='word_1_438' title='bbox 897 5045 1021 5104; x_wconf 84' lang='lat' dir='ltr'>indicem</span> <span class='ocrx_word' id='word_1_439' title='bbox 1045 5044 1121 5102; x_wconf 87' lang='grc'>177770</span> <span class='ocrx_word' id='word_1_440' title='bbox 1138 5063 1234 5120; x_wconf 81' lang='lat' dir='ltr'>senem</span> <span class='ocrx_word' id='word_1_441' title='bbox 1251 5047 1346 5106; x_wconf 85' lang='lat' dir='ltr'>aetate</span> <span class='ocrx_word' id='word_1_442' title='bbox 1364 5051 1480 5120; x_wconf 76' lang='lat' dir='ltr'>gravem</span> <span class='ocrx_word' id='word_1_443' title='bbox 1497 5045 1605 5106; x_wconf 86' lang='lat' dir='ltr'>liberto</span> <span class='ocrx_word' id='word_1_444' title='bbox 1625 5049 1668 5106; x_wconf 87' lang='lat' dir='ltr'>di·</span> 
     </span>
     <span class='ocr_line' id='line_1_45' title="bbox 240 5129 1537 5195; baseline 0.008 -5"><span class='ocrx_word' id='word_1_445' title='bbox 240 5132 352 5192; x_wconf 54' lang='lat' dir='ltr'>*iuvisse</span> <span class='ocrx_word' id='word_1_446' title='bbox 370 5135 590 5195; x_wconf 69' lang='lat' dir='ltr'>consentaneum</span> <span class='ocrx_word' id='word_1_447' title='bbox 608 5139 661 5194; x_wconf 83' lang='grc'>777</span> <span class='ocrx_word' id='word_1_448' title='bbox 1391 5137 1396 5142; x_wconf 75' lang='grc'><strong>’</strong></span> <span class='ocrx_word' id='word_1_449' title='bbox 1532 5129 1537 5136; x_wconf 61' lang='grc'><strong>’</strong></span> 
     </span>
    </p>
   </div>
   <div class='ocr_carea' id='block_1_6' title="bbox 0 0 1696 5510">
    <p class='ocr_par' dir='ltr' id='par_1_10' title="bbox 0 0 1696 5510">
     <span class='ocr_line' id='line_1_46' title="bbox 0 0 1696 5510; baseline 0 1"><span class='ocrx_word' id='word_1_450' title='bbox 0 0 1696 5510; x_wconf 95' lang='lat' dir='ltr'> </span> 
     </span>
    </p>
   </div>
  </div>
 </body>
</html>
