3384 5510
722 317 767 392 33

35 509 101 562 eun
122 489 171 579 iis,
208 507 292 577 qnae
313 487 459 578 proxime
480 488 723 575 subsequuntur,
756 488 791 556 in
812 507 910 554 unam
940 485 1131 558 senteutiam
1152 485 1328 576 conjunxit,
1365 491 1462 575 atque

37 599 81 664 ita
101 598 162 665 sibi
183 597 309 666 videtur
331 615 518 682 germanam
537 596 677 682 speciem
699 594 794 680 hujus
816 593 947 680 capituli
967 594 1216 682 recuperavisse,
1238 615 1303 667 non
1317 593 1462 672 animad-

37 709 170 788 vertens,
189 722 224 770 se
246 703 373 772 clavum
394 703 488 771 clavo
511 701 646 768 trudere.
690 698 872 768 Secundum
893 699 1077 786 Zumptium
1096 700 1271 786 Augustus,
1293 707 1463 788 postquam

38 807 90 874 lex
111 812 224 876 senatu
244 808 427 893 populoque
455 805 673 876 consentiente
695 823 735 870 ca
757 804 797 870 de
818 824 853 869 rc
880 804 1007 890 perlata
1036 811 1125 891 erat,
1159 807 1271 893 populi
1298 807 1464 890 suffragiis

40 920 192 982 corrector
213 914 322 999 legum
344 919 376 980 et
397 933 519 982 morum
542 931 614 978 cum
635 910 777 976 maxima
799 914 958 995 potestate
981 915 1107 982 creatus
1128 917 1195 997 est,
1232 931 1335 997 neque
1356 917 1465 980 tamen

39 1037 112 1086 usus
134 1025 182 1086 est
210 1039 250 1086 ea
270 1024 450 1106 potestate,
484 1015 542 1084 sed
575 1015 731 1102 quidquid
763 1015 897 1083 nimium
928 1021 997 1084 erat
1026 1021 1059 1087 et
1079 1037 1101 1082 a
1122 1016 1241 1086 veteris
1268 1018 1466 1104 reipublicae

40 1122 139 1189 forma
161 1125 301 1210 recessit,
323 1122 514 1210 repudiavit,
549 1127 647 1205 atque
668 1140 752 1204 quae
772 1118 1038 1200 administranda,
1050 1126 1151 1207 erant,
1184 1121 1357 1188 tribunicia
1378 1127 1466 1210 pote·

40 1235 120 1298 state
153 1235 320 1297 contentus
352 1227 495 1314 perfecit.
549 1225 647 1305 'Quod
675 1225 704 1292 si
725 1225 871 1309 Augrrsto
901 1225 1002 1292 nimia
1032 1225 1089 1293 iiia
1118 1231 1262 1312 potestas
1284 1224 1465 1314 videbatur,

39 1333 172 1402 modesti
192 1334 346 1422 principis
368 1337 438 1400 erat
458 1332 580 1415 legem,
610 1337 785 1414 antequam
815 1329 1019 1417 perferretur,
1052 1336 1251 1419 temperare,
1283 1332 1336 1399 rel
1362 1333 1469 1418 potius

39 1440 134 1524 plane
155 1440 333 1508 detrectare
366 1437 507 1504 dolatum
537 1436 744 1504 sibimorum
774 1437 936 1521 regimen:
968 1456 1045 1504 nam
1067 1436 1096 1504 si
1118 1457 1201 1521 quae
1225 1436 1355 1522 agenda
1378 1445 1470 1509 erunt

39 1543 227 1612 tribuniciae
259 1542 428 1631 potestatis
456 1542 531 1627 jure
561 1541 813 1627 administravit,
844 1542 900 1608 illo
933 1543 1124 1626 magistratu
1158 1543 1286 1610 omnino
1314 1564 1380 1610 nou
1409 1543 1470 1636 fuit

43 1667 128 1733 opus.
172 1648 239 1717 Sed
260 1649 315 1733 qui
336 1665 530 1732 cognoscere
551 1647 638 1732 velit,
661 1647 777 1730 quibus
799 1645 956 1715 machinis
978 1647 1145 1732 Zumptius
1166 1647 1369 1718 incredibilia
1388 1649 1471 1720 haec

43 1755 263 1825 commendare
285 1774 324 1822 ac
345 1753 488 1838 munire,
523 1751 637 1836 quibus
670 1752 793 1824 artibus
820 1771 880 1821 sua
910 1751 1133 1838 supplementa
1163 1772 1235 1829 cum
1255 1753 1410 1832 Suetonio
1438 1760 1472 1821 et

41 1857 146 1926 Dione
167 1859 339 1928 conciliare
369 1864 502 1930 conatus
525 1857 583 1942 sit,
613 1857 703 1924 illum
732 1857 830 1926 adeat
851 1858 1159 1932 commentationem.
1202 1859 1361 1944 Equidem
1381 1867 1472 1934 tuem

41 1964 258 2050 conjecturam
279 1963 320 2032 dc
341 1963 538 2036 restituenda
560 1962 686 2034 Graeca
714 1963 977 2050 interpretatione
1002 1963 1073 2052 jam
1102 1971 1200 2038 autea
1218 1967 1419 2052 propositam
1441 1973 1474 2040 ct

44 2069 95 2136 hic
115 2070 283 2157 iteratam,
317 2089 413 2154 quam
433 2090 499 2135 non
520 2067 683 2152 ignoravit
704 2069 889 2155 Zumptins,
910 2069 969 2139 scd
990 2071 1119 2144 undat
1138 2091 1176 2150 se
1196 2091 1261 2147 non
1282 2073 1474 2164 intelligere

44 2174 301 2261 quandoquidem
321 2175 457 2242 latinam
478 2173 774 2259 interpretationem
791 2195 860 2240 non
883 2175 1065 2260 adjecerim.
1108 2177 1152 2242 nt
1173 2177 1288 2263 verba,
1322 2177 1473 2262 quemad-

44 2279 171 2346 modum
193 2280 317 2365 refinxi,
352 2285 384 2347 et
404 2280 487 2346 bene
508 2298 626 2364 graeca
649 2284 681 2346 et
702 2279 783 2354 sutis
812 2279 984 2365 perspicua
999 2287 1103 2367 euru,
1137 2288 1172 2349 ut
1192 2283 1297 2350 latina
1320 2285 1474 2372 interpre-

44 2385 163 2453 tatione
186 2384 283 2451 tacile
305 2403 415 2450 carere
435 2383 551 2470 possis.
595 2380 688 2457 Quod
710 2382 876 2469 Zumptius
898 2382 976 2450 dicit
996 2405 1062 2452 non
1091 2385 1259 2454 ferendum
1288 2409 1375 2476 esse,
1408 2390 1473 2457 Au-

46 2496 181 2579 gustum,
216 2489 271 2574 quui
292 2507 415 2558 morum
431 2508 546 2559 'curam
567 2486 799 2574 repudiaverit,
833 2494 1012 2565 curatorem
1031 2509 1156 2561 ¹rusorum
1177 2494 1288 2579 populi
1308 2495 1475 2580 suffragiis

45 2603 185 2662 creatum
208 2615 288 2682 esse,
310 2600 421 2681 aperte
441 2591 624 2660 ludificatur
646 2600 678 2660 et
700 2593 928 2660 calumniatur:
956 2614 1093 2679 namque
1115 2603 1164 2663 ter
1186 2599 1350 2684 Augustus
1372 2601 1476 2686 magi-

45 2706 108 2767 ster
131 2721 256 2768 morum
287 2705 412 2766 creatus
440 2717 626 2782 summaque
649 2696 711 2765 hac
732 2702 891 2788 potestate
913 2698 1040 2767 functus
1062 2707 1120 2787 est,
1153 2703 1212 2770 scd
1244 2725 1317 2772 cum
1345 2713 1476 2776 senatus

45 2803 147 2874 denuo
178 2806 264 2872 hanc
293 2825 403 2870 curam
423 2803 561 2890 principi
588 2800 744 2890 deferret,
780 2803 968 2872 detrectavit
996 2806 1217 2891 magisterium
1246 2816 1278 2880 et
1305 2811 1477 2882 tribunicia

44 2918 202 3000 potestate
225 2914 390 2980 contentus
410 2908 545 2998 peregit,
568 2928 651 2994 quae
673 2907 929 2978 administranda
950 2910 1088 2982 fuerunt.

668 3168 749 3258 Gap.
769 3167 853 3239 VII.

131 3345 185 3416 Ex
206 3345 356 3417 tenuibus
378 3344 524 3431 vestigiis
545 3343 682 3413 residuis
703 3343 893 3432 recuperavi
914 3345 1015 3416 verba
1036 3346 1130 3418 latini
1153 3347 1302 3437 exempli,
1325 3367 1477 3436 gracum

46 3452 352 3543 interpretationem,
375 3472 457 3538 quae
480 3451 571 3519 salua
594 3455 626 3518 et
646 3449 815 3521 incolumis
838 3455 936 3538 extat,
958 3458 1102 3525 secutus:
1280 3516 1285 3528 ,

133 3560 169 3627 P.
199 3560 232 3647 I,
265 3561 317 3627 43.
363 3555 586 3647 [Triumvirum
627 3553 675 3622 fui
717 3555 913 3642 reipublicae
948 3556 1191 3632 constituendae
1227 3555 1340 3630 decern
1383 3561 1479 3636 annis

480 3659 659 3745 continuis3
681 3658 778 3748 prin-i
1455 3711 1458 3717 .

264 3769 309 3838 44
364 3765 451 3857 [ceps
478 3771 610 3836 senatus
640 3764 685 3830 ad
707 3785 788 3844 ‚eum
817 3763 919 3854 diem,
953 3788 1018 3854 quo
1039 3767 1154 3855 scripsi
1181 3769 1280 3858 haec,
1313 3767 1464 3861 e]tR[cite
1509 3859 1513 3867 ι

482 3871 698 3957 quadraginta
719 3869 843 3960 annis3]

266 3981 310 4048 45
366 3978 522 4068 [pontifex
544 3978 712 4064 maximus,
745 3997 871 4065 augur,
901 3978 1201 4072 quindecimviru]M
1223 3975 1380 4069 suenus
1398 3981 1478 4056 facie

484 4083 588 4170 undis,
609 4081 790 4173 septemvi]
1234 4070 1241 4087 '
1263 4070 1270 4087 '
1518 4089 1519 4093 ’

272 4190 317 4256 46
373 4187 454 4279 [rum
477 4188 664 4276 epulonum,
696 4188 796 4255 trater
818 4187 955 4276 urrais,
989 4189 1110 4268 sedalis
1134 4187 1307 4281 upulvp,
1341 4192 1481 4283 fetialis]
1556 4245 1558 4250 .
1668 4223 1671 4230 ,

51 4295 173 4366 Omnes
194 4295 346 4381 honores,
382 4296 437 4379 qui
465 4295 518 4362 hic
548 4299 788 4380 enumerantur,
821 4294 864 4362 ab
886 4293 999 4365 eodem
1020 4297 1205 4380 verbosae,
1236 4295 1321 4382 quod
1341 4298 1376 4369 in
1397 4298 1483 4384 prin

50 4403 137 4489 cipio
159 4401 263 4488 posui,
285 4399 433 4487 suspensi
455 4405 546 4485 sunt3
580 4399 723 4470 Graecus
750 4399 909 4486 interpres
930 4401 1108 4473 secundum
1129 4402 1329 4477 enuntiatum
1349 4403 1483 4476 iterim

52 4507 275 4593 conformavit,
308 4508 436 4592 πρῶτον
457 4503 638 4588 cremar
659 4502 760 4575 acces
781 4503 875 4586 ἔσχον
896 4507 1058 4595 sentens,
1089 4507 1199 4594 itaque
1221 4508 1389 4594 oportebat
1410 4531 1484 4583 euru

53 4612 173 4681 deinde
187 4614 326 4681 scribere
347 4610 512 4698 ἄρχιερεύς
533 4610 554 4696 ἢ
560 4630 652 4697 μην,
674 4609 733 4676 sed
754 4610 815 4677 hoo
829 4612 962 4680 verbum
976 4613 1096 4682 addere
1118 4613 1235 4704 oblitus
1252 4621 1310 4703 est,
1333 4616 1485 4704 quoniam

54 4717 89 4786 in
110 4715 213 4790 latino
236 4719 382 4808 exemplo
406 4717 534 4790 deerat:
556 4716 618 4792 hoc
632 4716 738 4810 ipsum
759 4716 858 4804 igitur
871 4716 993 4795 indicio
1006 4727 1063 4810 est,
1084 4739 1135 4794 me
1151 4721 1370 4797 commentarii
1384 4724 1486 4801 rerba

55 4830 146 4898 recte
175 4824 362 4902 restituisse
411 4823 460 4900 uo
489 4843 574 4904 suun
597 4819 732 4908 deum
759 4821 855 4905 video
883 4825 984 4913 ,emm
1001 4828 1234 4910 ursmarum
1255 4826 1323 4902 tere
1342 4827 1388 4905 ad
1410 4849 1486 4908 euu-

58 4929 133 5000 dem
147 4930 285 5006 -tucdnn
305 4951 337 5020 p
357 4929 448 5001 LXX
465 4931 550 5013 heac
567 4927 779 5019 mppleuuse.

140 5032 182 5108 P.
203 5036 296 5128 1‚42
319 5037 480 5130 δημοσίων
499 5033 699 5130 πραγμάτων
723 5035 932 5129 succedatis·
957 5040 1186 5134 metaphrasta·
1204 5057 1272 5113 non
1288 5037 1493 5132 ineleganter

1176 5181 1202 5252 3
