3384 5510
218 467 385 547 tem,
416 461 533 548 quique
559 463 697 536 virtues
724 465 885 545 redirent,
913 467 975 535 huc
999 466 1143 554 emenia
1175 465 1412 550 triumphorum
1443 463 1635 549 conferrem:

217 591 329 638 uerum
348 570 491 656 iusignia
516 569 598 638 haee
619 592 684 638 non
705 571 815 640 laurus
837 572 989 659 tascium,
1018 573 1077 641 sed
1096 573 1197 658 scipio
1216 573 1375 638 eburneus
1396 576 1431 638 et
1452 571 1567 637 laurea
1587 569 1636 634 im-

217 677 374 764 peratoris
390 675 508 744 corona
518 677 655 762 fuerunt,
676 682 712 743 ut
728 678 791 744 Dio
807 678 843 743 0.
855 679 921 762 LV,
935 679 978 744 1o
991 677 1085 745 docet
1094 678 1138 765 1);
1160 681 1295 763 apparet
1310 675 1411 760 igitur
1421 676 1536 742 Jouem
1549 673 1637 758 Capi·

216 782 351 850 telinum
372 789 480 850 vetere
501 782 622 848 honore
644 801 708 847 non
730 781 877 848 orbatum
897 801 968 849 esse
980 781 1018 868 2).
1061 783 1234 849 Praeterea
1244 782 1408 865 Augustus
1429 779 1491 846 hoo
1512 778 1639 845 novavit

218 909 305 954 anno
326 887 454 955 demum
475 887 557 971 752,
588 885 645 952 ubi
665 886 778 954 Martis
807 885 921 954 aedem
951 886 1113 953 dedicavit
1141 886 1233 970 eique
1254 885 1354 952 multa
1375 882 1549 970 privilegia
1572 903 1638 948 cou-

219 993 317 1060 cessit
327 992 374 1080 3);
403 991 555 1077 triumphi
585 997 701 1078 autem,
735 1012 814 1076 quos
843 994 1004 1060 recusavit
1025 995 1204 1079 Augustus,
1238 993 1333 1060 annis
1362 992 1581 1078 superioribus
1610 997 1639 1057 ut

219 1098 347 1165 videtur
369 1117 478 1166 omues
500 1096 712 1164 adscribendi
741 1137 783 1148 -
812 1100 1089 1186 Suppheationum
1110 1118 1259 1166 numerus
1281 1100 1316 1164 P.
1338 1099 1365 1183 I,
1388 1099 1431 1164 24
1452 1111 1520 1182 seq.
1543 1097 1638 1162 amhi-

221 1223 313 1290 guus,
334 1224 412 1270 uam
433 1223 505 1269 eum
524 1204 560 1268 in
581 1203 690 1289 lapide
711 1203 793 1270 nihil
813 1206 878 1271 nisi
899 1205 957 1284 QV
980 1211 1076 1290 extet,
1108 1205 1264 1271 incertum
1285 1209 1389 1270 utrum
1410 1203 1639 1286 quinqueuiros

220 1329 265 1374 au
290 1308 509 1392 qaudrcpiens
537 1309 580 1374 sit
606 1307 855 1396 restituendum,
883 1310 964 1376 illud
991 1311 1143 1397 praetulit
1162 1311 1386 1396 Mommsenus,
1408 1309 1563 1394 quoniam
1585 1308 1640 1374 Lu·

221 1433 278 1480 eas
299 1413 385 1492 QVE
408 1413 558 1498 exhibet,
590 1413 813 1483 seductarum
841 1417 1058 1502 exemplorum
1086 1437 1127 1484 ea
1147 1417 1181 1482 iu
1201 1435 1237 1484 re
1258 1436 1322 1481 non
1343 1416 1424 1482 satis
1446 1421 1534 1481 certa
1555 1412 1640 1500 fides,

219 1517 391 1603 inquibus
412 1518 572 1586 voeabula
592 1521 779 1606 imperfecta
811 1543 877 1588 nou
903 1542 976 1589 raro
1005 1543 1063 1608 pro
1085 1523 1217 1588 arbitrio
1239 1521 1504 1606 redintegrantur.
1549 1519 1640 1604 Equi·

220 1621 295 1689 dem
322 1623 476 1689 minorem
497 1643 662 1690 numerum
691 1627 909 1710 quadrupieos
936 1628 1146 1713 praeoptavi3
1168 1647 1244 1692 nam
1274 1647 1346 1692 cum
1374 1627 1480 1711 prisco
1501 1631 1640 1714 tempore

219 1727 472 1816 supplicationes
503 1749 678 1814 paucorum
710 1739 816 1798 essent
844 1732 977 1818 dierum,
1008 1753 1112 1816 neque
1147 1733 1231 1798 ultra
1252 1738 1400 1816 quartum
1429 1730 1515 1798 diem
1545 1730 1640 1797 conti·

220 1839 411 1917 uuarentur,
443 1833 505 1898 hoe
531 1834 660 1902 saeculo
688 1835 756 1903 iere
784 1857 842 1922 per
863 1837 902 1923 X,
923 1838 995 1924 XV,
1015 1840 1089 1924 XX,
1110 1840 1180 1924 XL,
1202 1839 1229 1903 L
1252 1836 1322 1904 dies
1344 1837 1560 1922 supplicatum
1581 1841 1640 1901 est:

222 1957 321 2022 quare
343 1939 373 2005 si
391 1943 523 2005 senatus
542 1941 632 2007 XLV
653 1942 903 2027 supplicationes
927 1941 1083 2027 decrevit,
1113 1942 1240 2009 inerunt
1261 1943 1410 2027 singulae
1431 1941 1499 2007 iere
1521 1940 1641 2007 dierum
1668 1949 1670 2098 p

222 2044 416 2129 vicenorum,
446 2050 543 2127 atque
565 2063 637 2109 oum
658 2045 822 2130 Augustus
844 2047 925 2112 XXI
946 2048 1121 2133 imperator
1148 2047 1191 2112 sit
1217 2048 1416 2132 appellatus,
1449 2044 1549 2111 etiam
1581 2064 1645 2110 cum

223 2149 285 2216 hoe
313 2148 434 2217 honore
461 2148 730 2235 supplicationum
757 2171 907 2217 numerus
937 2151 1017 2218 satis
1039 2153 1194 2235 congruit
1215 2189 1259 2200 --
1279 2153 1315 2219 P.
1337 2152 1363 2237 I,
1383 2152 1426 2216 26
1448 2151 1645 2236 supplemen-

221 2261 306 2321 tum:
339 2252 419 2342 [dies
439 2254 491 2332 ti,
522 2251 597 2341 pelr
618 2252 719 2342 pech]
732 2253 759 2341 ι)
786 2255 866 2321 satis
895 2255 1061 2322 confirmat
1089 2276 1209 2340 graeca
1229 2256 1451 2342 interpretatio
1486 2254 1644 2344 [‘Hp]tpat

225 2355 285 2422 eir
306 2353 438 2447 αὗ[ται].
480 2357 607 2424 Deinde
627 2359 662 2424 in
684 2359 810 2426 Graeca
838 2360 1035 2447 metaphrasi
1057 2361 1100 2446 Il,
1124 2362 1166 2426 22
1189 2362 1304 2446 scripsi
1335 2359 1584 2449 [m'lfflltmt
1620 2365 1647 2425 ut

224 2469 274 2530 est
304 2461 392 2550 apud
418 2463 624 2530 Plutarchum
651 2463 769 2531 Auton.
791 2465 851 2552 18,
884 2485 960 2532 nam
993 2455 1273 2555 [inopmiiihcuv
1303 2486 1368 2532 non
1400 2465 1561 2551 recipiunt
1592 2463 1647 2530 loei

221 2569 401 2654 sumine.
1670 2635 1671 2638 ,

311 2678 348 2744 Ρ.
368 2677 395 2762 1,
416 2677 459 2742 29
483 2673 525 2764 [et
545 2695 634 2740 cram
656 2672 898 2764 t]r[icensimum
920 2677 1089 2759 septimum
1113 2672 1316 2762 tritulnicice
1332 2673 1507 2757 potestatis
1527 2671 1647 2759 scripsi,

226 2784 337 2869 graeei
357 2780 540 2866 interpretis
561 2779 700 2863 vestigia
728 2780 898 2864 diligenter
919 2781 1048 2866 legens,
1082 2800 1154 2846 oum
1174 2779 1389 2845 Mommsenus
1417 2778 1553 2845 liberius
1583 2798 1648 2843 con·

226 2887 412 2957 formaverit
432 2887 467 2951 in
486 2885 573 2950 huno
593 2884 739 2952 modum:
776 2907 959 2970 anuumque
988 2887 1186 2968 tripesimum
1213 2885 1382 2967 septimum
1414 2891 1455 2949 tr.
1478 2890 1550 2965 pot.
1585 2903 1648 2966 eye-

227 2995 309 3060 tam.
353 2991 485 3058 Numeri
505 3010 571 3055 una
593 2998 738 3075 superest
758 2991 865 3057 littera
886 3012 982 3076 quam
1004 2992 1091 3058 solus
1111 2990 1353 3057 Mordtmannns
1375 2988 1606 3054 animadvertit
1620 2989 1649 3072 P,

225 3100 261 3168 in
283 3098 375 3186 eujus
394 3098 499 3164 locum
521 3096 550 3160 R
571 3093 778 3174 retinenda,
791 3101 849 3162 est
903 3096 990 3162 Sane
1020 3095 1075 3179 qui
1104 3094 1296 3161 tribuniciae
1323 3095 1495 3175 potcstatis
1516 3113 1588 3158 csse
1610 3091 1649 3156 di·

226 3205 311 3276 xerit
331 3202 453 3272 nullum
473 3199 551 3270 noui
570 3200 756 3289 scriptorem
768 3199 806 3288 ⁵),
827 3201 891 3268 nisi
913 3201 1060 3270 Orosium
1070 3201 1126 3287 VI,
1151 3200 1205 3266 18:
1228 3219 1329 3267 ovans
1349 3200 1459 3266 artem
1479 3199 1650 3283 inpressas,

302 3485 331 3556 l)
352 3482 421 3546 Teis
431 3484 590 3557 πέμψαντας
602 3482 669 3538 αὐτὰ
686 3483 729 3555 (τὰ
747 3483 895 3556 νικητήρια)
913 3483 1034 3556 τῷἈρει
1051 3484 1132 3558 rotro
1146 3483 1195 3539 eui
1210 3481 1239 3538 ri
1257 3482 1389 3554 σκῆπτρον
1400 3478 1447 3535 καὶ
1463 3476 1508 3532 τὸν
1525 3477 1651 3549 στέφανον

227 3575 394 3633 ἀνατιθέναι.
974 3575 977 3582 ’

299 3667 328 3740 2)
346 3668 392 3723 lta
409 3666 471 3737 ipse
490 3663 634 3734 Augustus
651 3681 678 3719 a.
696 3664 747 3720 741
768 3682 802 3720 ex
822 3664 917 3721 Gallia
943 3665 1033 3721 redux
1057 3667 1084 3728 ic
1110 3663 1139 3718 ri
1158 3664 1328 3718 Kerinthos
1352 3657 1475 3714 ἀνελθών
1496 3659 1543 3724 τήν
1567 3675 1593 3712 τε
1611 3657 1651 3711 di·

228 3776 300 3827 φνην
318 3755 374 3811 ἀπὸ
390 3756 442 3810 τῶν
459 3753 571 3826 ῥάβδων
587 3756 699 3824 περιεῖλε
711 3753 758 3808 καὶ
775 3756 802 3814 e
813 3756 843 3808 τὰ
854 3755 901 3809 τοῦ
912 3753 975 3818 Διὸς
991 3757 1095 3827 γόνατα
1113 3756 1244 3818 κατέθετο,
1261 3755 1295 3808 ut
1313 3751 1368 3808 Dio
1387 3751 1417 3806 G.
1429 3750 1500 3815 LIV,
1519 3749 1556 3804 25
1576 3747 1650 3803 dicit.

228 3848 324 3916 Atque
342 3845 431 3902 etiam
448 3845 547 3915 postea
564 3845 660 3900 vetere
677 3861 754 3901 more
772 3845 823 3899 has
841 3846 954 3900 laureas
970 3845 1001 3900 in
1014 3845 1157 3915 Capitolio
1175 3842 1318 3914 depositas
1336 3857 1396 3896 esse
1413 3838 1560 3893 testantur
1577 3852 1652 3907 prae·

228 3938 273 3992 tcr
290 3937 375 4000 locos,
393 3935 661 4003 quosMcmmsenus
678 3933 839 4004 adscripsit,
857 3935 931 3988 Plin.
949 3934 1054 4005 Paneg.
1075 3934 1107 3988 16
1130 3933 1205 4002 (coll.
1225 3950 1249 3988 c.
1268 3932 1296 4001 8)
1314 3931 1344 3986 et
1362 3928 1482 3982 Pacatus
1500 3925 1610 3995 Paneg.
1627 3924 1651 3977 iu
1671 3953 1672 3970 .

230 4025 367 4096 Theodos.
385 4025 411 4078 9.
449 4023 542 4078 Semel
560 4023 705 4095 Augustus
730 4025 858 4080 lauream
882 4023 948 4080 Joui
966 4023 1095 4080 Feretrio
1118 4021 1262 4079 dedicauit
1286 4020 1400 4092 praeter
1424 4015 1651 4071 cousuetudinem

228 4133 254 4171 a.
274 4115 326 4169 746
345 4111 411 4182 (Dio
431 4112 460 4167 0.
478 4112 536 4167 LV.
554 4113 592 4184 5).
1594 4111 1598 4120 '

302 4203 331 4274 3)
350 4201 391 4257 Cf.
411 4201 488 4256 Suet
506 4201 576 4272 sug.
596 4201 639 4256 29.
663 4202 718 4257 Dio
736 4203 766 4258 G.
779 4203 849 4268 LIV,
868 4203 886 4258 8
903 4202 955 4258 ubi
974 4202 1009 4257 dc
1027 4201 1097 4258 aede
1115 4199 1217 4256 Martis
1236 4197 1345 4254 Ultoris
1363 4194 1394 4250 in
1411 4191 1556 4264 Capitolio
1580 4191 1651 4248 dedi·

230 4294 297 4348 ceta
314 4289 402 4347 verba
420 4287 504 4355 iacit,
528 4307 584 4344 non
608 4291 706 4360 inepta
730 4291 802 4346 dicit
824 4292 931 4346 factam
955 4306 1014 4346 esse
1032 4288 1098 4344 κατὰ
1116 4288 1145 4342 τὸ
1169 4289 1214 4342 τοῦ
1231 4288 1294 4349 Διὸς
1317 4286 1362 4340 τοῦ
1380 4286 1520 4356 φερετρίου
1539 4281 1651 4353 ζήλωμα.

230 4381 293 4435 Huc
310 4379 398 4436 etiam
415 4378 556 4449 pertinet,
583 4379 658 4448 quod
677 4381 769 4446 Suet,
795 4380 868 4452 Aug.
886 4381 920 4435 21
940 4382 1050 4434 name:
1079 4378 1250 4449 quorundum
1267 4376 1457 4431 Barbarorum
1470 4373 1611 4443 principer
1627 4371 1651 4424 ia

228 4468 297 4523 acdc
315 4466 420 4522 Martie
445 4467 547 4522 Ultori}
569 4472 654 4540 eoepit
670 4473 786 4538 J’crure,
814 4489 956 4526 munsterus
972 4487 1001 4524 re
1018 4471 1047 4523 in
1057 4471 1119 4542 fids
1136 4489 1169 4523 uc
1182 4487 1251 4540 paee
1268 4484 1350 4538 quem
1363 4469 1501 4536 peterent:
1533 4475 1650 4530 nemque

230 4559 340 4614 veteres
358 4555 479 4612 Romani
497 4557 577 4614 Jovis
594 4559 715 4614 Feretrii
733 4561 844 4631 sceptro
862 4560 1031 4625 utebantur‚‘
1044 4577 1095 4629 per
1112 4558 1188 4628 quod
1206 4558 1335 4628 jurarent
1353 4555 1463 4625 (Festus
1481 4569 1509 4623 p.
1528 4551 1586 4623 92),
1608 4565 1650 4620 pa·

148 4695 152 4704 .
230 4663 291 4702 cem
309 4645 448 4701 facientes
466 4662 500 4700 ac
517 4646 615 4702 foedus
633 4648 806 4715 sancientes,
824 4649 859 4704 cf.
879 4649 956 4704 Serv.
974 4649 1011 4704 ad
1030 4648 1109 4720 Virg.
1129 4645 1361 4703 Aen.xJ1.2oc.

303 4734 332 4805 4)
350 4734 428 4790 Perr.
461 4733 578 4790 exhibet
602 4737 636 4790 R·
654 4737 736 4803 QVO·
753 4738 811 4803 EX,
839 4737 943 4792 Mordt.
960 4737 1027 4792 Luc.
1049 4738 1083 4791 e·
1102 4737 1175 4803 Qvo
1186 4737 1218 4804 Ι)
1231 4738 1243 4804 Ι
1253 4736 1273 4804 l.
1322 4731 1430 4788 Deinde
1453 4729 1529 4785 solus
1554 4727 1650 4784 Mordt

231 4821 344 4879 nvc'ss
362 4821 470 4888 SVNT,
487 4822 564 4878 Peru.
582 4824 632 4880 VO
642 4827 654 4894 Ι
663 4827 675 4894 Ι
688 4827 700 4895 Ι
708 4825 789 4894 [NF
807 4827 874 4881 Luc.
892 4824 951 4881 VO.

302 4915 331 4984 5)
355 4912 429 4967 (tave
454 4912 530 4967 euim
555 4913 609 4968 hnc
634 4914 738 4970 referas
764 4913 836 4969 falsa
865 4913 959 4984 specie
987 4912 1182 4984 deceptusSG
1204 4911 1333 4968 deludis
1352 4908 1647 4979 saecularibusp.pa.

228 5003 372 5060 trttum'cia
384 5006 515 5074 macuta
525 5005 653 5075 sutum,
684 5021 757 5073 quae
781 5005 869 5061 verba
891 5003 1031 5072 quomodo
1049 5003 1227 5059 restituenda
1243 5001 1315 5067 sint,
1341 5000 1435 5054 dicam
1452 4996 1536 5053 inira.
