3384 5510
753 261 800 336 23

48 435 200 525 praetuli
229 437 332 526 igitur
359 433 544 519 emenso,
582 439 848 528 quemadmodum
880 433 1105 525 glossographi
1133 431 1268 502 latinum
1296 394 1491 502 vocabulum

46 543 314 629 interpretantur
328 544 362 634 ¹),
389 545 452 612 'sed
481 545 516 613 in
545 547 689 616 oratione
711 548 773 614 Dio
796 547 832 612 0.
862 565 927 612 non
958 541 1119 608 dubitavit
1147 542 1230 626 LVI,
1248 541 1292 606 '37
1315 543 1397 606 aare
1421 543 1495 616 τους

46 647 225 731 πολέμους
254 651 327 725 τούς
352 673 383 714 ra
407 648 583 734 ἐμφυλίους
611 655 666 714 καὶ
695 652 764 727 τοὺς
794 635 944 723 teritum
970 647 1119 714 scribere.
1173 644 1298 711 Deinde
1327 643 1492 740 πολ[λοὺς]

47 754 190 840 scripsi,
224 755 282 822 ubi
318 756 353 822 in
390 755 498 841 lapide
532 763 582 823 est
619 761 798 838 ITOA...,
835 777 912 822 nam
946 753 1116 836 πολεμῶν,
1151 750 1237 834 quod
1269 751 1493 817 Berolinenses

47 858 251 946 intulerunt,
274 881 339 928 non
361 862 463 928 solum
483 881 613 946 prorsus
636 863 772 929 otiosum
794 867 859 946 est,
887 860 946 926 sed
968 860 1065 926 etiarn
1095 854 1216 922 recedit
1237 875 1258 920 a
1280 855 1493 922 distinctionis

47 962 148 1050 lege,
184 983 272 1048 quae
302 964 337 1030 in
366 964 490 1030 Graeco
520 964 666 1052 exemplo
695 961 940 1050 diligentissime
969 968 1131 1046 servatur,
1168 957 1309 1034 πολλοὺς
1337 959 1493 1046 interpres
1551 1001 1556 1012 ·

47 1089 119 1134 non
142 1069 261 1155 inepte
292 1067 333 1134 de
356 1087 413 1134 suo
436 1068 577 1154 addidit,
608 1075 644 1136 ut
663 1069 741 1136 alibi
768 1089 892 1152 quoque
921 1068 1014 1134 latini
1037 1065 1153 1134 indicis
1174 1065 1275 1132 verba
1297 1063 1493 1151 amplificare

44 1173 144 1240 solet.
209 1173 349 1260 Reliqua
380 1173 599 1262 redintegrari
630 1174 675 1242 ad
701 1174 837 1241 latinum
866 1173 1060 1262 exemplum,
1098 1168 1366 1258 quemadmodum
1394 1185 1493 1256 supra

44 1278 271 1348 conformari.

141 1385 181 1450 P.
205 1384 234 1470 1,
259 1384 309 1450 16.
353 1385 527 1452 Numerum
548 1383 694 1470 militum,
717 1384 772 1469 qui
793 1384 827 1450 in
848 1383 948 1451 verba
971 1382 1109 1468 Augusti
1131 1381 1325 1466 iuraverunt,
1351 1377 1489 1466 periisse

46 1490 151 1558 valde
177 1488 369 1557 dolendum:
405 1489 620 1556 Mommsenus
643 1489 797 1558 Gronorii
825 1489 1080 1574 supplementum
1109 1486 1283 1570 qcicpcctc
1312 1483 1492 1551 rationibus

48 1593 289 1662 commendare
310 1593 455 1678 instituit,
477 1599 509 1660 ct
531 1613 603 1659 cum
619 1593 699 1660 OOC
722 1593 824 1659 millia
845 1593 982 1658 militum
1003 1591 1171 1658 honestam
1192 1588 1377 1658 missionem
1398 1608 1491 1656 acce·

46 1699 140 1785 pisse
166 1697 335 1784 dicantur,
366 1697 425 1764 sub
448 1697 586 1781 Augusti
608 1704 715 1765 autem
736 1703 869 1764 mortem
890 1697 963 1782 plus
986 1715 1082 1780 quam
1104 1694 1158 1761 eL
1180 1694 1283 1760 millia
1304 1695 1362 1760 sub
1386 1692 1488 1777 signis

49 1803 195 1891 fuerint,
226 1804 303 1870 inde
333 1803 461 1870 conficit
483 1802 510 1868 L
533 1803 635 1868 millia
664 1804 717 1870 vel
738 1803 773 1869 in
794 1803 879 1870 bello
910 1802 1079 1887 cecidisse,
1112 1800 1166 1868 vel
1195 1800 1231 1866 in
1260 1798 1376 1866 militia
1405 1799 1491 1866 diem

50 1929 247 1995 supremum
269 1908 404 1994 obiisse,
432 1907 485 1974 vel
513 1906 650 1992 denique
679 1928 752 1975 cum
779 1909 958 1992 ignominia
986 1908 1101 1975 missos
1129 1925 1210 1974 esse.
1253 1905 1334 1972 Mihi
1362 1904 1493 1990 quidem

51 2015 109 2084 hic
132 2035 290 2082 numerus
318 2015 414 2081 nimis
443 2015 579 2099 exiguus
602 2013 746 2100 videtur,
776 2015 938 2100 reputanti
967 2014 1106 2100 plurima
1128 2019 1162 2080 et
1182 2011 1374 2097 gravissima
1395 2009 1492 2095 bella,

54 2141 143 2204 quae
168 2121 318 2204 Augusto
337 2120 515 2206 imperante
538 2122 675 2206 populus
696 2122 860 2188 Romanus
890 2139 988 2206 saepe
1016 2118 1105 2185 haud
1126 2137 1278 2204 prospere
1300 2116 1416 2201 gessit,
1446 2115 1493 2180 ita

53 2231 91 2292 ut
111 2226 219 2322 multo
248 2226 356 2312 plures
387 2225 505 2292 milites
536 2226 589 2292 vel
618 2225 702 2293 ferro
732 2227 785 2293 vel
813 2226 933 2292 morbis
955 2245 995 2291 ac
1015 2224 1182 2292 laboribus
1208 2224 1371 2290 absumtos
1393 2221 1493 2288 fuisse

53 2329 278 2396 certissimum
299 2329 357 2396 sit:
390 2349 494 2414 neque
516 2350 641 2417 eorum,
672 2331 727 2415 qui
751 2331 886 2398 honesta
910 2329 1063 2397 missione
1085 2350 1151 2396 non
1173 2327 1299 2412 dignati
1321 2333 1404 2412 sunt,
1426 2325 1493 2393 exi·

58 2453 144 2518 gnus
177 2434 279 2501 fuisse
306 2433 433 2500 uidetur
465 2454 623 2501 numerus.
674 2435 789 2501 Procul
819 2440 927 2501 autem
949 2434 1100 2501 habenda
1123 2439 1172 2500 est
1193 2433 1350 2518 suspicio,
1384 2431 1494 2516 Augu·

56 2545 156 2625 stum,
194 2544 230 2605 ut
251 2538 378 2624 imperii
399 2539 450 2605 sui
471 2539 659 2607 felicitatem
686 2545 915 2624 exaggeraret,
945 2539 1098 2606 scientem
1126 2537 1200 2606 dolo
1229 2537 1314 2603 malo
1345 2555 1493 2604 numeros

59 2643 311 2711 adulteravisse.
348 2641 487 2710 Omnino
508 2649 617 2710 autem
638 2643 667 2710 si
689 2645 759 2728 quis
782 2644 863 2710 haec
884 2643 928 2710 ad
949 2643 1049 2710 iustos
1072 2643 1212 2710 calculos
1232 2661 1384 2709 revocare
1404 2641 1494 2727 uelit,

58 2747 329 2832 investigandum
353 2748 421 2834 erit,
452 2755 528 2833 quot
548 2749 666 2816 milites
689 2750 825 2834 singulis
846 2750 941 2816 annis
963 2748 1073 2816 dilecti
1094 2748 1227 2815 fuerint:
1263 2767 1356 2831 quem
1385 2763 1494 2812 nume·

59 2872 132 2918 rum
155 2851 255 2920 ualde
277 2852 455 2920 radavisse
477 2873 534 2938 pro
557 2873 592 2920 re
614 2860 692 2920 nata
715 2859 965 2922 consentaneum
983 2860 1050 2922 est:
1080 2853 1226 2940 inprimis
1255 2857 1364 2918 autem
1384 2857 1495 2918 tenen·

60 2955 161 3042 dum,
182 2957 373 3043 exercitum,
404 2978 497 3043 quem
519 2959 657 3027 moriens
680 2961 844 3044 Augustus
865 2961 995 3027 Tiberio
1017 2958 1166 3044 tradidit,
1195 2963 1312 3044 pacato
1335 2956 1412 3023 orbe
1433 2962 1495 3023 ter·

60 3080 173 3127 rarum
196 3060 362 3145 aliquanto
388 3063 544 3129 minorem
573 3063 673 3130 fuisse
702 3084 798 3147 quam
824 3065 931 3150 priore
953 3071 1109 3151 tempore,
1146 3062 1203 3128 ubi
1233 3061 1495 3146 gravissimorum

60 3165 224 3232 bellorum
253 3164 438 3232 discrimina
468 3174 560 3234 erant
587 3168 763 3235 subeunda.
806 3170 954 3253 Denique
982 3165 1222 3254 comprehendit
1250 3166 1332 3233 haec
1360 3185 1494 3252 summa,

64 3289 164 3354 quam
187 3266 346 3352 indagare
375 3271 554 3358 studemus,
585 3273 683 3338 etiam
712 3293 767 3340 eos
797 3273 932 3359 milites,
963 3273 1018 3356 qui
1048 3267 1103 3339 ubi
1132 3272 1270 3358 primum
1298 3271 1495 3339 Octavianus
1533 3337 1535 3344 Α

64 3377 244 3442 exercitum
276 3377 475 3461 comparavit
499 3378 534 3443 in
563 3378 632 3445 eius
662 3378 762 3445 verba
793 3378 987 3446 iuraverunt.
1038 3379 1151 3461 Itaque
1173 3378 1278 3444 millia
1300 3377 1428 3444 circiter
1449 3395 1495 3442 se·

64 3488 177 3547 euecta
197 3480 321 3567 scripsi,
344 3487 380 3546 ut
402 3487 517 3566 quarta
538 3482 605 3550 fere
627 3484 764 3550 militurn
786 3504 863 3570 pars
886 3485 907 3551 i.
930 3505 957 3551 e.
979 3484 1082 3550 millia
1100 3483 1154 3550 OL
1176 3483 1228 3550 vel
1250 3482 1335 3550 ferro
1356 3481 1497 3548 absumti

65 3585 130 3653 sint
151 3585 205 3652 vel
228 3586 287 3652 sub
309 3586 436 3653 vexillis
467 3593 601 3655 mortem
629 3589 782 3676 obierint,
817 3591 870 3657 vel
895 3590 964 3658 sine
994 3589 1146 3677 praemiis
1175 3588 1274 3654 missi.
1326 3586 1495 3655 Nonnullis

64 3690 128 3757 fort
115 3698 204 3758 tasse
233 3691 330 3756 etiam
359 3691 412 3757 hic
441 3712 591 3760 numerus
620 3714 685 3759 non
714 3694 908 3780 satisfaciet,
937 3694 996 3760 sed
1024 3694 1192 3777 quominus
1220 3693 1421 3776 septccpecte
1388 3692 1496 3758 tevel

64 3797 251 3880 octingenta
272 3795 440 3882 scribatur,
463 3797 581 3864 arctius
603 3799 743 3884 spatium
764 3798 921 3885 prohibet,
942 3805 1102 3883 conpectu
1126 3802 1242 3882 autern,
1266 3795 1351 3880 quod
1373 3793 1496 3920 hiatum

67 3899 234 3967 commode
257 3899 374 3986 explet,
351 3900 492 3968 fitdem
514 3901 642 3970 omnino
664 3902 790 3970 videtur
813 3902 976 3970 excedere.

156 4004 247 4083 Quae
269 4003 513 4091 subsequuntur,
535 4026 619 4090 nego
642 4008 874 4075 aMommseno
897 4014 982 4074 recte
951 4005 1164 4073 tadornata
1179 4025 1259 4092 esse,
1281 4004 1337 4089 qui
1351 4002 1494 4089 scripsit.

199 4109 250 4173 Ex
273 4109 387 4190 quibus
410 4107 572 4198 dedulct
560 4131 595 4176 rc
611 4109 765 4199 catnellas
787 4117 844 4178 aut
864 4112 974 4178 remisi
995 4111 1030 4177 in
1051 4110 1228 4197 municipia
1249 4130 1308 4176 sua
1324 4105 1495 4196 stipenlctc's

198 4209 349 4299 emcriltis
378 4214 481 4280 millia
503 4212 678 4303 aliquantlo
695 4217 776 4298 ples
797 4215 906 4304 qulam
927 4221 1080 4302 trecenta,
1111 4216 1205 4283 otiis
1227 4214 1374 4282 omnibus
1397 4232 1494 4298 agros

197 4337 218 4382 a
242 4315 302 4404 [mc
323 4315 455 4406 emptos]
479 4324 536 4384 aut
555 4319 728 4405 pecuniam
748 4341 806 4407 pro
830 4319 985 4409 prlccdiis
1007 4319 1039 4408 c]
1059 4340 1112 4385 me
1134 4318 1218 4386 dedi.

66 4417 110 4483 At
138 4439 215 4488 vero
241 4419 405 4504 Augustus
433 4441 499 4486 non
526 4422 662 4506 privatis
693 4424 807 4509 opibus
837 4444 933 4508 agros
963 4424 1039 4490 emit
1070 4429 1126 4490 aut
1151 4425 1321 4510 pecuniam
1349 4444 1409 4490 sua
1437 4423 1495 4490 im·

68 4542 170 4606 pensa
192 4524 346 4592 militibus
370 4526 424 4610 qui
445 4527 608 4613 stipendia
629 4535 830 4596 emeruerunt
851 4530 1014 4616 persolvit,
1043 4528 1104 4596 lrcc
1126 4530 1212 4596 enim
1234 4536 1282 4597 est
1304 4550 1326 4594 a
1347 4549 1381 4596 se
1404 4528 1493 4608 dcrc,

140 4785 167 4856 1)
187 4784 218 4841 Si
236 4785 283 4842 cui
301 4785 393 4842 minus
413 4789 526 4858 placeat
545 4788 598 4844 hoc
623 4790 808 4858 vocabulum,
832 4791 857 4847 is
875 4791 982 4864 poterit
998 4790 1132 4865 ἒκδῆμους
1149 4793 1334 4862 substituere,
1359 4795 1494 4864 quemad-

68 4871 180 4930 modum
199 4875 243 4931 est
261 4891 306 4946 ap.
326 4877 400 4946 App.
417 4879 448 4932 B.
468 4876 498 4932 G.
516 4877 565 4942 IV,
585 4879 611 4932 9.
650 4879 744 4936 Nicol.
762 4881 843 4937 Darn.
863 4883 915 4938 uit.
934 4882 1007 4954 Aug.
1026 4883 1043 4936 2
1062 4883 1188 4953 scripsit:
1214 4884 1343 4957 μεγάλων
1366 4884 1493 4956 πολέμων

70 4961 206 5038 ἐγχωρίου
224 4981 248 5020 rr
266 4965 312 5022 καὶ
330 4964 494 5023 ἀλλοεθνῶν.
