3384 5510
15 1811 20 1882 ἱ
71 1859 106 1893 ·.
146 1759 304 1894 Indidem
325 1844 430 1896 rerum
451 1825 494 1894 ab
515 1827 661 1914 Augusto
693 1833 872 1926 gestarum,
902 1829 1029 1916 insigne
1052 1834 1084 1896 et
1104 1827 1283 1897 litterarum
1312 1830 1486 1902 latinarum

15 1993 17 1998 .
60 1927 325 1999 ethistoriarum
346 1939 600 2019 monumentum,
638 1933 785 2002 homines
807 1933 892 2002 dooti
914 1935 1062 2002 certatim
1083 1933 1118 2000 in
1139 1935 1299 2022 integmm
1320 1937 1487 2006 restituere

15 2047 18 2114 ζ
63 2035 171 2102 eonati
192 2041 287 2122 sunt,
319 2057 430 2106 verum
450 2039 532 2106 haee
554 2040 712 2126 perinula,
745 2061 817 2108 oum
839 2040 928 2128 justo
958 2040 1112 2108 destituta
1140 2046 1248 2108 essent
1269 2039 1487 2128 fundamento,

22 2176 29 2189 ·
63 2156 293 2224 saepenumero
321 2142 413 2210 irrita
441 2142 579 2214 fuerunt.
646 2145 757 2233 Nuper
790 2145 917 2214 demum
947 2144 1135 2216 Theodorus
1162 2145 1375 2214 Mommsenus
1404 2167 1487 2214 oom-

15 2221 155 2311 i'mode
177 2252 293 2314 neotus
313 2249 460 2334 pleniora
482 2271 522 2318 ao
543 2271 667 2320 summa
689 2273 761 2320 enm
782 2253 845 2320 fide
867 2261 901 2321 et
922 2254 1092 2340 diligentia
1116 2258 1233 2321 exaeta
1252 2253 1487 2340 exemplatam

62 2340 155 2414 latini
175 2350 264 2418 tituli
286 2373 382 2436 quam
399 2345 542 2440 ‘graecae
562 2357 847 2444 interpretationis,
875 2359 919 2426 ab
941 2358 992 2426 his
1012 2357 1173 2425 erroribus
1195 2364 1228 2425 et
1248 2357 1398 2443 fallaciis,
1420 2356 1488 2442 qui·

15 2469 16 2474 ’
62 2447 121 2544 bus
143 2454 287 2522 obnoxia
308 2457 370 2526 luit
389 2459 531 2544 priorum
552 2461 720 2548 industria,
743 2461 854 2530 sedulo
877 2462 971 2529 eavit.
1012 2462 1201 2530 Mommseni
1213 2481 1313 2548 opera
1334 2467 1490 2546 quantum

61 2559 219 2646 profuerit
239 2561 314 2629 huie
335 2563 444 2650 indioi,
476 2566 663 2652 planissime
694 2567 866 2654 perspiciet
886 2567 915 2634 si
937 2566 1008 2652 quis
1029 2567 1099 2654 ejus
1121 2567 1340 2634 reeensionem
1361 2585 1488 2654 oompo·

62 2667 161 2733 suerit
183 2685 257 2734 eum
279 2687 388 2737 eorum
410 2670 511 2758 euris,
540 2672 596 2758 qui
616 2678 714 2741 antea
742 2673 895 2758 reliquias
916 2671 1001 2740 tituli
1029 2671 1124 2738 latini
1144 2671 1251 2740 multis
1273 2671 1353 2740 loeis
1375 2669 1488 2759 depra-

61 2771 129 2838 vuti
151 2793 192 2841 ae
221 2774 326 2842 mutili
354 2775 530 2842 ediderunt.
578 2775 683 2862 Atque
707 2777 778 2866 ipse
796 2778 1011 2846 Mommsenns
1041 2774 1297 2846 emendationem
1324 2776 1489 2863 utriusque

61 2879 259 2949 monumenti
280 2879 551 2948 eomnmmavisse
572 2877 636 2948 sibi
656 2882 746 2950 visus
768 2887 826 2970 est,
847 2883 911 2951 nisi
932 2882 1018 2969 qnod
1038 2881 1211 2966 existimat,
1232 2880 1261 2950 si
1282 2869 1360 2964 quis
1375 2886 1488 2968 postea

16 3051 22 3072 ,
61 2981 167 3054 denuo
187 2985 277 3072 ipsos
291 2985 417 3072 lapides
437 3004 545 3053 eoram
567 2986 810 3074 examinaverit,
831 2987 968 3054 trootum
982 2986 1124 3071 aliquem
1141 2982 1393 3053 redundaturum
1409 3003 1489 3054 esse.

60 3087 222 3158 Plurimae
251 3089 306 3156 ille
333 3089 462 3176 quidem
490 3089 696 3160 difficultates
724 3110 878 3180 prospere
904 3090 1085 3179 expedivit,
1121 3088 1223 3157 multa
1249 3089 1368 3158 menda
1396 3090 1487 3178 iuge·

59 3193 150 3262 niose
172 3194 310 3281 sustulit,
331 3194 559 3280 commodeque
580 3195 709 3266 hiantes
729 3198 831 3284 locos,
862 3217 994 3282 quornm
1022 3196 1139 3282 ingens
1161 3193 1196 3262 in
1217 3200 1356 3282 utraque
1376 3194 1489 3264 inseri·

60 3300 170 3386 priene
197 3305 247 3368 est
272 3319 431 3387 numerus,
465 3301 718 3389 redintegravit3
758 3323 869 3374 verum
897 3308 931 3370 nt
964 3300 1098 3370 omnino
1121 3306 1266 3368 veterum
1296 3299 1487 3387 scriptorum

62 3403 246 3476 emendatio
274 3425 340 3472 nou
361 3406 456 3474 unius
481 3417 538 3476 aut
559 3407 699 3478 hominis
727 3413 784 3476 ant
804 3405 926 3476 saeouli
947 3412 1009 3495 est,
1040 3406 1088 3476 ita
1108 3405 1206 3474 etlam
1226 3404 1323 3492 hujus
1343 3403 1491 3490 quamvis

60 3504 202 3580 eximiae
223 3531 341 3599 operae
362 3513 573 3602 oorrigendae
594 3520 651 3582 aut
670 3514 870 3604 supplendae
885 3514 1022 3582 materia
1043 3512 1194 3599 suppetit,
1217 3529 1257 3578 ae
1273 3512 1487 3580 Mommsenus

60 3615 178 3686 indieis
202 3619 445 3706 restitntIonem,
474 3622 714 3710 quampriores
735 3620 975 3707 inchoaverunt,
1006 3617 1111 3704 magis
1141 3615 1364 3705 profligarisse
1392 3635 1489 3702 quam

43 3723 241 3818 ,absolvisse
262 3726 440 3796 densendns
462 3733 519 3796 est.
562 3727 676 3814 Itaque
698 3747 770 3796 enm
790 3731 864 3815 post
884 3727 1116 3794 Mommsenum
1144 3721 1232 3809 quod
1257 3722 1360 3790 seiam
1381 3741 1489 3791 nemn-

61 3817 137 3916 ὅπη]
159 3831 302 3900 animum
323 3832 368 3902 ad
387 3834 470 3902 haee
490 3839 696 3902 monumenta
718 3832 940 3920 applieaverit,
961 3831 1032 3918 ipse
1054 3848 1134 3917 opus
1157 3827 1293 3896 srdnnm
1314 3847 1489 3913 aggressus

62 3959 143 4027 erm,
165 3940 313 4026 quamvis
333 3940 430 4010 nullis
452 3940 546 4008 noris
566 3939 721 4007 subsidiis
741 3957 818 4006 usus
833 3937 868 4026 ¹).
910 3935 1069 4023 Equidem
1084 3934 1163 4004 satis
1175 3935 1253 4022 seio,
1275 3954 1371 4020 qnam
1388 3933 1490 4002 multa

62 4047 246 4136 etiamnuno
267 4045 366 4115 dubia
388 4052 420 4116 et
440 4046 565 4114 ineerta
585 4044 660 4132 sint,
696 4064 780 4131 quae
802 4042 893 4129 aliis,
922 4042 977 4127 qni
998 4046 1073 4129 post
1092 4040 1240 4125 venient,
1261 4037 1372 4106 lieebit
1393 4057 1490 4125 expe·

17 4203 29 4224 ‚.,
70 4154 150 4243 dire,
172 4152 231 4223 sed
252 4173 356 4242 spero,
377 4152 406 4220 si
421 4151 457 4220 hi
470 4151 555 4220 tituli
577 4149 682 4220 denuo
697 4170 767 4220 enm
782 4147 946 4236 lapidibus
960 4145 1079 4214 luerint
1099 4144 1218 4231 oollati,
1239 4149 1324 4213 oerte
1340 4163 1381 4212 ex
1398 4149 1491 4232 parte

63 4261 288 4348 supplementa
313 4265 345 4328 et
367 4257 582 4328 oorreetiones
603 4251 693 4325 meas
715 4257 857 4343 ipsorum
877 4257 1152 4323 monumentorum
1179 4248 1243 4318 fide
1264 4248 1423 4316 firmatum
1443 4248 1493 4315 iri

70 4365 153 4435 Cum
176 4365 390 4434 Mommsenns
419 4364 461 4432 iis
489 4369 630 4451 tantum,
663 4381 746 4448 quae
767 4361 917 4430 Perrotns
943 4359 979 4426 in
1006 4362 1210 4427 monumento
1231 4354 1405 4440 Aneyrano
1429 4351 1494 4420 sibi

44 4475 49 4488 '
67 4468 313 4558 deprehendere
333 4467 422 4537 visus
443 4473 509 4555 est,
540 4466 637 4535 fidem
659 4473 757 4552 atque
786 4465 1009 4534 auctoritatem
1030 4460 1272 4550 adjungendam
1292 4477 1363 4528 esse
1385 4456 1494 4526 existi·

62 4575 209 4661 manarit,
247 4571 396 4660 equidem
425 4571 514 4641 nolui
546 4571 745 4641 fastidiosius
772 4590 923 4660 spernere
950 4567 1189 4656 supplementa,
1219 4584 1303 4651 quae
1328 4561 1492 4633 eommode

60 4681 185 4770 priores
206 4677 420 4768 suppeditant,
442 4697 526 4766 quae
547 4677 677 4768 quidem
697 4675 762 4747 fide
783 4675 885 4765 digua
904 4677 980 4746 sunt
994 4673 1074 4744 visa.
1114 4672 1202 4742 Nam
1225 4690 1297 4741 oum
1317 4669 1491 4738 multarum

130 4937 159 5010 1)
177 4935 362 5010 Spieileginm
378 4933 607 4996 emendetionum
625 4934 687 5009 jam
710 4934 796 4994 antea
821 4933 900 4992 edidi
916 4931 947 4990 in
962 4929 1107 5006 prooemio
1123 4929 1190 4988 leet
1210 4925 1261 4986 Ae.
1278 4925 1394 4985 Helene.
1414 4942 1487 4984 sem.

59 5027 131 5089 aest
150 5025 228 5090 lete.
