3404 5512
12 483 108 554 lubra
129 481 287 572 principis
313 474 437 547 numini
457 469 620 543 dedicarit
635 469 671 560 ¹).
713 467 886 554 Augustus,
915 483 988 530 cum
1008 481 1038 528 a
1060 456 1125 528 725
1147 453 1233 528 Julio
1257 447 1392 520 Gaesari
1414 453 1447 518 et

13 591 87 660 urbi
107 592 235 658 Romae
256 585 377 675 Ephesi
399 589 431 652 et
451 581 593 651 Nicaeae
615 577 735 667 templa
764 573 907 644 densari
928 568 1155 651 concessisset,
1186 569 1255 630 tum
1274 560 1446 646 Pergame-

13 701 63 768 nis
86 705 121 766 et
144 694 444 766 Nicomediensibus
465 689 618 780 permisit,
645 693 681 754 ut
702 686 765 754 sibi
787 691 818 753 et
839 685 961 752 Romae
984 677 1063 744 fana
1085 673 1234 740 sisterent
1246 667 1282 757 ²).
1325 665 1373 732 Ac
1396 685 1450 735 ve-

13 805 151 874 risimile
176 809 224 871 est
246 804 464 885 Pergamenos
493 797 580 864 haud
610 799 795 862 cunctanter
816 787 982 878 promissis
1011 779 1225 862 satisfecisse,
1259 795 1336 841 nam
1357 769 1443 860 quod

13 919 210 997 Σεβασνετον
231 907 342 977 vocari
363 907 443 974 solet
456 903 492 992 8),
510 902 600 969 ‘iude
622 900 711 968 haud
733 919 893 984 quaquam
918 891 1063 976 efficitur,
1096 886 1264 954 delubrum
1285 901 1370 948 anno
1394 879 1447 982 de·

13 1043 102 1089 mum
125 1021 190 1086 727
222 1017 274 1082 rel
302 1018 416 1099 postea
439 1009 620 1077 dedicatum
651 1027 739 1092 esser
772 1003 830 1073 scd
860 1001 1008 1070 videntur
1036 996 1174 1086 primum
1203 1012 1294 1058 aram
1323 993 1448 1056 tantum

13 1125 157 1216 principi
189 1117 442 1203 consecravisse,
474 1116 626 1201 templum
648 1119 761 1200 postea
791 1110 935 1178 additum
965 1126 1036 1175 esse
1064 1102 1161 1170 fidem
1183 1100 1305 1176 sapiunt
1328 1096 1449 1166 nummi

15 1236 95 1304 anni
117 1231 221 1312 tasse
237 1228 274 1314 4).
330 1226 414 1292 Nam
445 1243 485 1288 ex
507 1221 621 1288 Dionis
644 1220 766 1288 verbis:
804 1220 858 1282 aul
888 1215 1006 1298 ἔλαβον
1035 1213 1089 1276 καὶ
1111 1207 1143 1273 oi
1168 1209 1373 1296 Περγαμηνοὶ
1395 1205 1450 1272 τὸν

15 1341 131 1420 α’γοῖνοι
158 1340 211 1402 τὸν
234 1333 322 1416 ἱερὸν
345 1327 574 1412 ὠνομασμένον
595 1328 649 1392 ἐπὶ
670 1328 707 1416 νῇ
729 1329 784 1392 τοῦ
807 1327 889 1391 ναοῦ
912 1322 1009 1389 αὐτοῦ
1030 1321 1103 1412 τομῇ
1118 1328 1232 1394 ποιεῖν,
1256 1336 1448 1402 quamquam

15 1446 109 1514 ludos
132 1466 164 1512 a.
187 1440 252 1508 726
272 1439 467 1504 instauratos
490 1455 560 1502 esse
581 1433 754 1502 verisimile
776 1433 829 1520 fit,
866 1431 980 1500 eodem
1008 1449 1092 1496 auno
1123 1426 1221 1493 etiam
1251 1425 1366 1492 aedem
1395 1443 1449 1490 er·

16 1557 173 1620 structam
203 1567 274 1614 esse
294 1561 506 1626 ,nequaquam
539 1540 770 1608 conficiendum
783 1537 818 1628 ⁵).
861 1540 912 1606 Ita
943 1537 1040 1604 etiam
1061 1535 1245 1602 Tarracone
1266 1532 1341 1600 vivo
1363 1529 1450 1618 prin-

20 1658 84 1744 cipi
113 1672 175 1723 ara
202 1655 262 1720 fuit
291 1648 440 1717 dedicata
462 1647 607 1734 (Quintil.
629 1647 683 1732 VI,
706 1649 737 1732 3,
759 1645 825 1733 77),
859 1644 917 1714 sed
945 1649 1069 1711 mortuo
1099 1641 1227 1708 demum
1249 1638 1396 1722 Augusto
1418 1657 1449 1702 a.

17 1765 81 1830 768
102 1761 260 1847 templum
282 1755 485 1823 aedificatum
507 1753 597 1843 (Tac.
619 1754 703 1820 Anu.
724 1754 750 1840 I,
773 1751 840 1839 78),
874 1750 960 1837 quod
990 1755 1103 1838 postea
1132 1745 1244 1816 refecit
1264 1741 1450 1814 Hadrianus

18 1869 199 1962 (spartian.
220 1866 275 1939 vit.
297 1861 396 1936 Hadr.
421 1861 471 1949 12,
494 1859 579 1933 adde
601 1861 699 1934 otiam
721 1860 777 1932 vit.
800 1860 874 1930 Ser.
893 1857 961 1948 2⁶).

92 2198 120 2270 1)
140 2193 283 2266 Virgilius
301 2189 377 2248 certe
396 2186 497 2260 Georg.
515 2187 556 2243 ΙΠ
580 2186 724 2259 prooemio
742 2205 769 2244 v.
790 2185 823 2244 13
842 2203 898 2243 nou
923 2185 1014 2242 solum
1039 2181 1179 2254 templum
1196 2176 1335 2253 principis
1353 2173 1455 2234 honori

22 2306 49 2345 se
74 2287 277 2344 dedicat-urum
304 2297 362 2338 esse
385 2277 536 2335 minatur:'
554 2279 682 2336 et-oirs‘da'
698 2280 727 2334 sn
747 2297 841 2352 compo
860 2279 987 2351 templum
1007 2277 1038 2331 de
1057 2291 1194 2329 marmore
1216 2289 1321 2342 ponam
1341 2271 1454 2340 proper

22 2397 138 2450 aqueum,
166 2375 252 2430 tardis
280 2372 374 2444 rispens
397 2369 444 2424 aci
452 2369 572 2442 florebas
596 2375 670 2425 erret
687 2369 808 2425 Mincius
832 2375 969 2424 elicuere
992 2361 1281 2439 procrastinandae
1299 2362 1391 2432 ripas:
1423 2360 1454 2415 in

23 2469 108 2524 medio
127 2467 199 2522 rusti
219 2463 321 2520 Οοοοον
339 2463 390 2516 crit
409 2461 585 2534 templumque
605 2463 719 2527 tenebit,
749 2462 799 2518 sed
822 2461 898 2518 idem
923 2462 1008 2532 poeta
1030 2458 1118 2515 etiam
1142 2455 1223 2512 ludos
1241 2453 1406 2526 magnificos
1424 2468 1454 2507 se

24 2559 104 2616 edere
123 2558 202 2616 velle
220 2555 309 2622 addit,
329 2559 402 2624 quae
421 2551 527 2622 scripta
545 2553 611 2607 sunt
631 2569 656 2608 a.
676 2551 768 2620 calls.
810 2551 885 2606 Nam
909 2550 931 2606 si
952 2549 1015 2619 quis
1035 2545 1180 2603 existimet
1197 2543 1366 2599 Asianorum
1384 2540 1454 2597 adu·

24 2649 171 2714 lationem,
200 2646 247 2704 cui
264 2643 396 2718 princeps
415 2642 500 2699 initio
519 2661 543 2698 a.
563 2642 616 2697 725
635 2640 772 2708 indulsit,
798 2642 901 2712 poetae
928 2639 999 2697 haec
1026 2635 1162 2693 scribenti
1186 2634 1365 2692 obversatam
1384 2649 1453 2698 esse,

25 2739 190 2810 splendidus
207 2735 255 2792 hic
274 2751 396 2807 pannus,
425 2749 510 2802 quem
527 2731 665 2804 Virgilius
684 2731 824 2799 attexuit,
853 2729 944 2803 magis
963 2728 1050 2788 etiam
1068 2727 1183 2801 ineptus
1202 2725 1384 2795 modestoque
1403 2722 1453 2780 ho·

25 2830 99 2886 mine
118 2830 206 2900 plane
225 2826 358 2897 indignus
376 2823 508 2881 videatur
524 2841 635 2880 necesse
653 2825 705 2879 est.

94 2921 123 2992 2)
143 2917 199 2974 Dio
219 2917 248 2973 0.
266 2914 310 2982 LI,
331 2913 375 2970 20.
410 2914 598 2988 Pergamenos
616 2915 692 2972 huuc
710 2913 844 2970 honorem
863 2911 992 2986 Augusto
1015 2907 1171 2969 decrevisse
1190 2905 1279 2966 etiam
1297 2903 1362 2963 Tac.
1382 2903 1456 2962 Ann.
1542 2901 1543 2904 ’

26 3009 73 3077 lV,
92 3011 126 3066 37
146 3008 280 3064 testatur.

97 3103 126 3173 3)
145 3101 187 3156 De
206 3100 380 3170 Pergameno
398 3098 506 3168 templo
525 3097 666 3169 Telephus
685 3096 893 3158 Grammaticus
909 3096 1083 3169 peculiarem
1102 3092 1208 3150 librum
1227 3086 1401 3160 conscripsit,
1420 3087 1454 3142 ut

29 3191 128 3248 suidas
152 3191 252 3248 auctor
276 3189 331 3245 ests
362 3187 486 3259 nupturi
503 3189 532 3241 ἒν
549 3186 690 3260 Περγάμῳ
708 3189 866 3258 Σεραπεῖον
891 3188 987 3260 (vulgo
1006 3183 1162 3255 Σεβαστίοο)
1185 3186 1276 3255 βιβλία
1294 3182 1326 3254 β.
1363 3181 1456 3252 Ιιορο·

27 3283 153 3338 ratorum
173 3281 248 3337 enim
267 3277 413 3350 epistolae,
433 3272 594 3334 civitatium
612 3278 741 3346 decreta,
759 3279 817 3336 alia
835 3279 866 3336 id
884 3295 972 3350 genus
990 3276 1021 3332 iu
1040 3291 1073 3333 eo
1092 3275 1210 3332 delubro
1228 3275 1455 3342 asservabantur,

29 3371 102 3440 quod
126 3373 241 3444 praeter
264 3368 418 3439 Josephnm
443 3367 510 3423 Ant.
530 3367 609 3435 XVI,
629 3370 654 3434 6,
673 3369 690 3424 2
709 3369 851 3425 testantur
877 3368 958 3424 tituli
975 3367 1004 3426 0.
1023 3367 1045 3422 Ι.
1065 3365 1112 3424 Gr.
1130 3366 1180 3433 ΙΙΙ,
1195 3366 1319 3434 sobab
1345 3367 1375 3424 et
1392 3367 1458 3423 Les·

30 3461 91 3518 bius
109 3479 127 3518 a
147 3459 249 3519 Gonnio
268 3457 361 3515 editus
388 3457 457 3527 (Iter
474 3457 555 3514 Lesb.
574 3457 634 3512 tab.
652 3457 719 3525 Vll,
748 3459 798 3529 qui
816 3459 932 3529 quidem
958 3457 1060 3516 titulus
1085 3459 1152 3517 ante
1176 3458 1311 3518 Octaviae
1336 3458 1457 3514 mortem

30 3550 48 3608 i.
64 3569 88 3610 c.
105 3553 174 3610 aute
193 3569 218 3606 a.
239 3551 291 3607 743
310 3547 414 3604 incisus
439 3551 497 3614 est,
525 3565 592 3604 uam
611 3557 736 3606 ιοΥΑΙΑ
760 3552 927 3609 manifestus
950 3554 993 3611 est
1016 3571 1092 3612 error
1116 3571 1167 3627 pro
1186 3551 1336 3622 AloYtA).
1380 3549 1456 3604 Haec

33 3638 121 3712 igitur
152 3659 246 3698 rerum
275 3636 455 3711 publicarum
483 3638 685 3708 instrumenta,
717 3645 867 3714 praeterea
889 3643 960 3700 artis
975 3646 1166 3712 monumenta,
1195 3641 1298 3714 quibus
1316 3641 1458 3712 templum

31 3733 210 3804 nragnilicum
230 3729 398 3789 exornatum
415 3727 501 3784 fuisse
520 3729 674 3786 verisimile
694 3733 751 3801 est,
783 3734 852 3790 satis
871 3736 996 3806 amplam
1014 3737 1139 3807 Telepho
1159 3731 1382 3807 suppeditabant
1399 3746 1458 3785 ma-

30 3819 140 3880 teriam.
178 3821 309 3878 (letarum
329 3817 448 3874 delubra
466 3817 556 3884 Actii,
583 3819 743 3886 Brundusii,
764 3821 929 3890 Tarracone,
948 3822 1114 3898 Ma(ssiliae)
1136 3827 1165 3882 et
1182 3821 1360 3890 Antiochiae,
1385 3835 1458 3890 quae

32 3909 131 3968 titulus
149 3911 265 3969 Lesbius
283 3909 428 3974 memorat,
446 3907 524 3963 haud
544 3909 630 3964 dubie
647 3912 678 3966 et
693 3910 756 3982 ipsa
775 3911 898 3984 Augusti
915 3913 1017 3969 honori
1035 3915 1150 3972 luerunt
1168 3913 1319 3971 destinata.

101 4003 129 4074 4)
148 4000 265 4057 Nummi
277 4001 363 4069 caput
376 3998 506 4070 Augusti,
524 3998 571 4054 cui
588 4000 761 4071 adscriptum
781 4003 824 4057 est
841 4003 915 4057 IMP.
934 4003 974 4058 IX
993 4003 1050 4059 TE.
1068 4005 1147 4062 POT.
1166 4005 1200 4072 V,
1219 4003 1250 4059 in
1268 4003 1358 4060 altera
1376 4003 1459 4076 parte

34 4089 114 4146 OOM.
127 4092 236 4148 ASIAE
254 4091 284 4146 et
302 4089 448 4160 templum,
468 4089 499 4144 in
518 4107 574 4158 quo
593 4089 731 4162 seriptum
750 4093 794 4148 est
812 4092 899 4149 ROM.
919 4093 966 4149 ET
989 4094 1075 4152 AVG.
1093 4094 1238 4161 exhibent,
1258 4093 1311 4150 hoc
1330 4095 1373 4150 est
1384 4093 1458 4148 illud

34 4182 124 4253 ipsum
141 4187 380 4257 Pergamenorum
402 4183 556 4252 ternplum,
586 4183 662 4252 quod
682 4183 777 4240 Ocheu
804 4183 891 4255 (num.
910 4184 979 4257 imp.
998 4187 1020 4253 Ι,
1039 4186 1086 4258 le)
1105 4202 1168 4251 sex,
1196 4183 1326 4240 Vaillaut
1345 4183 1391 4254 (H,
1411 4183 1458 4255 35)

36 4277 168 4342 quattuor
186 4293 245 4333 esse
264 4273 458 4330 columnarum
476 4272 555 4328 dicit.
592 4273 625 4328 ln
645 4272 757 4329 claudii
775 4291 905 4342 nummo,
939 4277 989 4346 qui
1014 4276 1112 4334 eadem
1130 4277 1218 4332 rerba
1238 4275 1322 4330 OOM.
1342 4271 1409 4328 Ass.
1428 4273 1459 4328 et

35 4363 119 4422 ROM.
138 4367 192 4423 ET.
210 4365 296 4422 Ave.
316 4363 443 4429 exhibet,
471 4364 611 4434 templum
637 4362 773 4434 distylum
792 4363 964 4434 conspicitur
990 4365 1097 4437 (Ochen
1114 4365 1136 4432 I,
1163 4364 1223 4420 157.
1242 4361 1328 4420 Vaill.
1347 4361 1383 4428 ΙῙ,
1403 4361 1458 4434 60),

37 4455 186 4526 eademque
214 4454 316 4526 templi
341 4454 384 4511 est
407 4452 513 4525 species
541 4452 572 4509 in
596 4453 790 4511 consimilibus
816 4454 927 4513 Nervae
954 4457 984 4513 et
1011 4454 1128 4512 Traiani
1155 4453 1276 4512 nummis
1301 4449 1399 4525 (Vaill.
1423 4449 1459 4519 ΙΙ,

39 4545 186 4620 117123.)
681 4542 684 4556 ’

107 4641 133 4707 s)
151 4639 226 4695 ruse
243 4636 427 4695 memoresne
438 4635 469 4691 ss
480 4637 574 4705 suro,
595 4638 645 4707 qur
664 4637 816 4695 numeriae
832 4637 862 4692 rs
875 4637 1001 4711 Phrygia
1020 4637 1100 4696 exuat
1118 4621 1459 4707 (cessissemus.)

37 4724 235 4801 Pergamenum
263 4730 361 4786 fanum
388 4725 524 4798 Σεροοιοῢ
547 4729 654 4801 τέμενος
683 4731 713 4786 at
740 4729 822 4786 ludos
851 4729 892 4786 ibi
917 4731 1073 4787 celebratos
1096 4725 1218 4800 Ῥωμαῖοι
1241 4725 1361 4796 reseas
1392 4723 1458 4794 dici,

39 4818 191 4876 ceterarum
210 4818 294 4876 Asiae
318 4817 482 4890 provinciae
507 4818 658 4875 civitatum
681 4819 800 4875 delubra
825 4820 854 4876 ct
879 4837 983 4892 agones
1002 4819 1165 4893 Eutrapelus
1188 4818 1301 4876 nomine
1319 4814 1460 4890 insigniri.

107 4911 133 4983 6)
152 4911 193 4966 De
206 4927 255 4966 ara
267 4911 297 4966 et
309 4909 416 4980 templo
426 4907 677 4966 Tarraconensium
689 4908 848 4981 disputarit
857 4909 1005 4967 thnerus
1017 4911 1048 4968 in
1060 4913 1164 4970 Herma
1174 4911 1197 4978 Ι,
1212 4910 1263 4966 110
1277 4927 1335 4980 seq.
1364 4908 1459 4977 Atque

41 4994 109 5056 aliae
128 4998 388 5070 queque·civitates
406 5017 455 5056 ara
473 5000 621 5057 contentae
640 4999 769 5068 morunt,
800 5002 881 5059 velut
898 5003 1110 5076 Lugdunenses,
1142 5002 1348 5068 Narbonenses,
1376 4996 1459 5059 Ubii:

40 5101 102 5146 nem
118 5108 194 5150 aram
213 5089 350 5149 Ubiorum
369 5091 492 5165 Augusti
510 5090 620 5150 numiui
639 5090 800 5150 dedicatam
825 5090 911 5150 fuisse
929 5092 997 5152 satis
1015 5094 1098 5154 docet
1114 5091 1293 5153 sacerdotium
1309 5089 1459 5162 bominum,
