3384 5510
727 303 769 378 84

135 484 244 556 Etiam
269 487 319 551 e'a'
338 499 424 568 quae
454 477 689 566 subsequuntur
710 473 856 552 Graecae
888 469 1013 548 tantum
1044 469 1316 566 interpretationis
1338 467 1471 548 'auxilio

55 599 177 662 servata
205 596 299 676 sunt,
331 588 387 655 ubi
416 587 502 672 quod
527 587 645 672 legibue·
674 590 731 650 nai
755 586 871 670 ianime
898 585 992 670 nimir,-
1012 587 1066 669 τῆς
1088 581 1189 670 ἀρχῆς
1208 592 1285 672 puto
1308 582 1406 670 αὕτῆς
1427 605 1469 653 ex

53 720 149 786 prono
170 715 338 784 operarum
359 699 461 760 ortum
482 711 552 759 esse
574 711 688 778 errore,
711 711 782 759 oum
804 687 855 754 ab
875 689 976 756 incidi
994 689 1194 776 oportuisset.

136 806 300 888 Augustus
332 797 523 865 tribuniciae
556 796 724 883 potestatis
756 795 915 880 collegam
935 795 1115 880 Agrippam
1145 793 1196 860 bis
1226 791 1270 881 (a.
1294 795 1359 860 736
1389 800 1421 861 et
1443 813 1473 860 a.

54 907 129 997 741)
148 910 182 974 in
206 903 472 992 quinquennium,
505 900 669 966 Tiberium
698 900 797 966 semel
821 899 857 964 in
886 898 1138 983 quinquennium
1168 896 1213 984 (a.
1235 897 1324 986 748),
1356 898 1472 966 bisin

54 1013 240 1082 decennium
261 1012 304 1098 (a.
327 1009 389 1074 757
415 1012 447 1073 et
468 1003 547 1092 766)
570 1005 758 1091 assumpsit3
781 1003 851 1070 sed
871 1002 1018 1071 dissentit
1040 1003 1137 1088 Suet,
1160 1003 1215 1086 qui
1237 1003 1309 1069 Tib.
1332 1003 1373 1068 16
1396 1002 1475 1070 dicit

54 1139 83 1184 a.
103 1118 165 1183 767
189 1113 320 1180 Tiberio
342 1111 415 1178 trib.
436 1115 628 1196 potestatem
650 1108 759 1176 datam
781 1127 853 1175 esse
874 1108 908 1175 in
930 1108 1190 1193 quinquennium,
1218 1106 1339 1172 nonin
1361 1104 1475 1173 decen·

53 1223 139 1288 nium
160 1220 208 1308 (ut
220 1219 285 1305 Dio
306 1217 372 1302 LV,
397 1216 448 1300 13,
468 1213 565 1298 idque
586 1213 702 1280 indicis
722 1213 822 1282 verba
844 1213 989 1298 quamvis
1012 1213 1139 1296 oblique
1160 1211 1395 1298 testificantur),
1417 1206 1475 1278 sed

52 1326 148 1392 multo
170 1321 312 1409 apertius
331 1318 432 1386 indici
452 1317 641 1385 adversatur
663 1319 750 1385 Suet.
770 1319 854 1402 Aug.
876 1319 938 1383 27:
968 1318 1174 1384 tribuniciam
1190 1323 1380 1400 potestatem
1398 1337 1476 1401 per·

50 1437 180 1514 petuam
201 1427 340 1510 recepit,
372 1426 407 1490 iu
429 1445 493 1506 qua
515 1423 725 1506 canebatque
747 1425 863 1490 iterum
880 1443 944 1506 per
964 1423 1094 1508 sinpata
1117 1424 1220 1491 tustra
1242 1423 1394 1506 cottepum
1414 1421 1485 1488 sibi
1540 1431 1543 1439 '

54 1536 223 1618 adoptarit.
267 1533 309 1597 Et
330 1531 415 1597 hunc
437 1528 566 1613 quidem
587 1529 692 1595 locum
714 1529 928 1596 Mommsenus
956 1526 1105 1595 mtiatum
1126 1527 1315 1594 existimans
1334 1526 1382 1593 ite
1403 1546 1476 1614 sup-

11 1673 12 1678 6
53 1640 150 1726 plevit
183 1639 335 1721 eotlepmn
357 1636 421 1720 [M.
444 1636 640 1718 Aprippam,
665 1634 828 1700 Tiberium
858 1640 906 1699 ter
930 1653 993 1716 per
1025 1632 1154 1716 sinpnla
1182 1632 1286 1698 lustru
1308 1629 1474 1716 cottepum]

53 1747 113 1810 sibi
135 1744 306 1826 cooptavit.
351 1740 417 1806 Sed
437 1760 503 1806 non
524 1739 632 1825 placet
652 1738 733 1804 haec
755 1736 957 1823 emendatio,
991 1735 1250 1821 quandoquidem
1276 1757 1317 1803 ne
1338 1737 1385 1804 ita
1407 1737 1475 1820 qui-

54 1849 125 1914 dem
146 1846 292 1916 Suetonii
314 1844 456 1910 narratio
479 1863 676 1909 cumrerum
698 1843 833 1910 veritate
865 1843 1028 1928 congruit3
1061 1863 1136 1906 nam
1158 1841 1187 1907 si
1208 1840 1382 1908 secundum
1400 1842 1478 1909 Sue·

52 1955 174 2022 tunium
198 1973 269 2018 eum
290 1951 419 2016 Tiberio
442 1970 500 2037 per
522 1949 651 2033 singula
682 1948 783 2015 lustra
806 1948 1039 2014 communicata
1060 1955 1109 2014 est
1130 1947 1201 2013 trib.
1223 1952 1379 2033 potestas,
1412 1967 1478 2013 non

52 2066 100 2125 ter
128 2042 194 2126 ¹sed
226 2061 338 2141 quater
368 2055 533 2138 Augustus
567 2073 639 2119 eum
671 2054 829 2139 collegam
859 2053 994 2139 ascivit,
1027 2073 1057 2118 a.
1078 2053 1152 2118 748.
1176 2052 1249 2118 757.
1272 2052 1335 2117 762
1359 2057 1390 2117 et
1412 2052 1473 2118 767

53 2163 144 2251 (766)
163 2162 198 2250 ¹).
241 2159 321 2225 Mihi
342 2179 467 2244 quoque
489 2160 578 2226 locus
601 2158 642 2225 de
664 2159 742 2226 vitio
765 2165 948 2245 suspectus,
981 2179 1059 2224 nam
1080 2158 1266 2244 scriptorem
1288 2157 1476 2242 diligentem

54 2274 85 2334 et
106 2266 267 2333 eruditum
291 2263 481 2350 praesertim
502 2263 538 2330 in
565 2283 600 2329 re
622 2283 689 2330 non
717 2263 820 2331 solum
848 2264 958 2348 gravis
978 2263 1150 2349 momenti,
1184 2261 1242 2330 sed
1272 2262 1369 2329 etiam
1399 2264 1479 2332 satis

52 2371 168 2438 illustri
197 2391 218 2436 a
247 2388 323 2436 vero
355 2373 522 2454 tantopere
552 2368 753 2434 aberravisse
783 2388 847 2434 non
877 2375 926 2434 est
959 2367 1112 2434 credibile
1125 2367 1165 2456 ²):
1199 2369 1371 2436 Suetonius
1403 2360 1480 2437 scri-

52 2477 156 2564 psisse
183 2473 326 2542 videtur:
360 2475 454 2540 semet
483 2480 578 2556 utque
606 2476 722 2540 iterum
753 2474 847 2558 [per
869 2474 1134 2553 decennium,
1169 2475 1246 2560 ter]
1265 2496 1329 2557 per
1349 2477 1479 2560 singula

54 2585 157 2650 tustra
190 2581 342 2662 cattepam
373 2581 436 2646 sibi
457 2578 627 2660 coaptauit.
678 2577 744 2645 Sed
775 2578 836 2645 hoc
865 2579 894 2645 si
915 2579 1120 2664 probaveris,
1157 2579 1255 2646 etiam
1288 2582 1370 2648 alter
1390 2580 1481 2650 locus

54 2687 278 2756 emendatione
300 2693 389 2772 eget3
421 2691 457 2750 ut
478 2683 648 2752 Suetonius
670 2684 732 2751 sibi
754 2691 886 2770 constet,
907 2685 979 2751 Tib.
1002 2685 1042 2750 16
1065 2685 1284 2752 scribendum:
1304 2688 1383 2754 data
1405 2709 1479 2754 rur·

54 2815 109 2864 sus
126 2793 301 2862 tribunicia
310 2797 456 2874 potestas
473 2791 509 2856 in
526 2790 781 2870 decennium,
804 2789 890 2873 quod
910 2790 1103 2858 semidoctus
1120 2791 1269 2858 librarius
1285 2791 1411 2860 videtur
1422 2792 1480 2859 im·

54 2900 239 2985 mutavisse,
272 2915 393 2962 memor
414 2913 523 2962 eorum
545 2914 628 2978 quae
650 2912 747 2979 supra
770 2914 796 2959 c.
819 2894 839 2959 9
862 2893 989 2980 scripsit
1010 2895 1198 2963 Suetonius:
1231 2897 1481 2980 interpositoque

54 3015 194 3092 tempore
217 3004 327 3072 consul
348 3003 464 3068 iterum
486 2999 583 3066 etiam
604 2998 810 3064 tribuniciam
821 3004 1012 3082 potestatem
1025 3000 1061 3066 in
1078 3000 1329 3084 quinquennium
1347 3005 1479 3086 accepit.

127 3246 155 3316 1)
183 3241 310 3299 Fortasse
341 3237 445 3308 aliquis
472 3235 616 3294 existimet
641 3236 795 3295 secundum
822 3237 989 3296 Suetonium
1013 3237 1127 3296 Tiberio
1155 3237 1199 3296 bis
1224 3238 1321 3297 datam
1347 3256 1406 3298 esse
1430 3256 1482 3312 per

55 3333 281 3407 quinquennium
299 3331 336 3402 (a.
354 3331 406 3386 748
425 3332 455 3386 66
474 3331 547 3402 757),
576 3331 698 3400 denique
717 3349 742 3388 a.
763 3333 815 3387 762
833 3331 864 3388 in
882 3333 1061 3403 perpetuum,
1094 3332 1142 3388 sed
1162 3331 1299 3404 ejusmodi
1318 3331 1482 3402 conjectura

55 3427 132 3483 omni
159 3423 329 3481 auctoritate
356 3420 511 3486 destituta,
540 3423 628 3490 atque
646 3422 693 3478 vel
717 3423 757 3479 sio
775 3423 860 3478 aliter
884 3426 970 3494 atque
989 3425 1162 3480 Mommseno
1180 3423 1272 3480 visum
1291 3424 1334 3477 est
1353 3421 1496 3478 Suetonii

53 3519 133 3574 locus
151 3511 386 3584 redintegrandus
404 3511 486 3568 foret.

98 3617 101 3622 '
126 3605 156 3674 2)
174 3603 331 3675 Agrippam
350 3603 380 3657 et
398 3600 544 3658 Tiberium
562 3603 598 3658 ab
617 3601 746 3674 Augusto
764 3601 794 3658 in
812 3603 983 3661 tribuniciae
1007 3605 1158 3677 potestatis
1185 3605 1349 3663 societatem
1368 3605 1482 3675 coopta-

55 3697 100 3752 tos
120 3692 387 3758 casanatensem
405 3691 441 3747 cf.
460 3691 525 3747 Tac.
545 3693 618 3747 Ann.
635 3694 686 3760 III,
706 3695 754 3748 56:
780 3693 818 3746 Id
836 3693 909 3763 (trib.
922 3696 992 3766 pot.)
1009 3695 1109 3750 summi
1117 3698 1231 3768 sastipir'
1245 3697 1401 3750 cacabatum
1419 3696 1491 3748 Au«

54 3792 150 3858 pastas
168 3783 301 3855 repperit,
332 3799 365 3834 ne
384 3781 454 3852 repis
471 3787 521 3834 aut
538 3781 676 3836 dictatoris
700 3801 797 3836 nomen
820 3784 984 3850 adsumeret,
1014 3805 1046 3839 66
1071 3791 1161 3840 tamen
1190 3785 1369 3856 appellatione
1391 3783 1483 3853 aliqua

55 3883 144 3932 cetera
167 3873 281 3944 imperia
300 3872 497 3942 praemineret‚·
526 3872 655 3926 Marcum
679 3873 775 3927 deinde
793 3874 947 3945 Aprrppam
971 3875 1072 3928 socium
1094 3878 1152 3943 ejus
1170 3876 1327 3946 potestatis,
1356 3892 1408 3946 qao
1434 3873 1482 3926 de-

49 3969 156 4037 fanata
181 3963 314 4018 tiberiam
332 3963 470 4016 Neronem
489 3961 594 4034 detepit,
612 3980 645 4016 ns
663 3981 795 4018 mccessor
812 3965 842 4017 in
859 3965 961 4018 incerto
972 3967 1059 4036 foret.
1097 3965 1225 4036 Agrippa
1243 3961 1483 4027 moriemurne,

57 4053 190 4110 Tiberius
207 4052 331 4122 primum
349 4069 374 4106 a.
394 4051 447 4106 748
464 4051 517 4107 hoo
535 4051 641 4108 honore
659 4055 788 4119 ornatum
812 4053 916 4109 iterum
934 4071 967 4110 ac
985 4054 1102 4109 tertium
1126 4055 1253 4110 delatum
1276 4054 1411 4108 honorem
1430 4053 1482 4106 757

58 4147 88 4200 66
107 4147 160 4200 766
179 4142 279 4213 attigit
296 4141 362 4196 Tac.
379 4141 401 4205 Ι,
420 4142 450 4195 3:
471 4141 565 4213 filius,
594 4141 693 4213 collega
710 4143 832 4213 imperii,
863 4161 969 4196 consors
988 4143 1144 4198 tribuniciae
1156 4143 1297 4214 potestatis
1314 4141 1482 4196 adsumitur.-

57 4234 108 4291 sed
126 4232 202 4302 quod
220 4230 334 4300 scripsit
352 4231 374 4295 Ι,
398 4230 442 4284 lO:
474 4229 518 4284 Ne
542 4231 676 4284 Tiberium
695 4233 801 4302 quidem
827 4234 937 4289 caritate
961 4239 1010 4288 aut
1026 4235 1069 4288 rei
1081 4234 1205 4305 publicae
1225 4252 1290 4288 cura
1308 4249 1484 4286 successorem

58 4325 185 4387 ascitum,
212 4320 401 4390 sedquoniam
419 4319 609 4391 strepentem
626 4323 813 4394 saevitiamque
832 4327 889 4394 ey'us
906 4325 1099 4396 introspexerit,
1127 4325 1323 4395 comparatione
1341 4321 1485 4377 deterrima

58 4416 111 4472 sibi
125 4413 241 4484 pieriam
259 4409 430 4482 qaaeaunee:
460 4411 556 4466 etenim
574 4414 713 4482 Aapustas
725 4415 822 4482 paucis
842 4419 905 4468 ante
923 4415 1015 4480 annia,
1041 4433 1101 4469 cum
1124 4415 1227 4470 ilberto
1246 4415 1415 4469 tribuniciam
1429 4431 1484 4484 po-

60 4509 181 4560 testatem
206 4521 224 4556 a
237 4500 364 4572 patribus
386 4518 497 4556 rursum
514 4505 682 4570 postularet,
713 4521 877 4574 quamquam
900 4504 1001 4558 bonora
1027 4505 1163 4575 cranone,
1191 4504 1322 4576 quaedam
1344 4503 1376 4558 ds
1394 4504 1486 4558 babitu

60 4597 186 4664 cultuque
203 4598 229 4646 et
245 4591 372 4652 institutis
390 4595 448 4659 ejus
460 4594 580 4660 jecerat,
606 4611 674 4663 quae
696 4595 768 4648 relat
792 4593 943 4647 excusando
968 4594 1150 4664 exprobraret,
1175 4595 1229 4651 hoc
1247 4594 1424 4652 referendum
1443 4595 1487 4650 est

60 4687 98 4742 ad
118 4705 143 4742 a.
156 4688 225 4751 7573
243 4701 309 4740 uam
326 4683 360 4738 66
379 4681 531 4738 novissima
548 4681 611 4738 vice
629 4700 655 4737 a.
675 4683 727 4738 766
746 4698 820 4737 anno
839 4684 906 4738 ante
925 4683 1047 4754 Augusti
1065 4684 1209 4740 decessum
1227 4701 1284 4740 non
1302 4685 1416 4756 poterat
1433 4683 1487 4739 'l'a-

62 4775 136 4831 citus
155 4775 276 4830 seribere
290 4771 388 4843 paucis
414 4777 475 4826 ante
498 4772 591 4836 annes,
621 4773 708 4840 etque
727 4771 835 4826 Tiberii
861 4772 1011 4843 purgatio,
1042 4787 1128 4842 quam
1147 4772 1263 4829 Tacitus
1292 4772 1430 4829 invidiose
1454 4773 1488 4827 66

59 4865 134 4920 solet
151 4865 310 4932 detorquet,
334 4861 380 4916 illi
403 4861 495 4934 magis
512 4879 598 4930 quam
615 4861 683 4917 huic
699 4861 822 4932 tempori
841 4861 1009 4918 conveniens
1027 4863 1148 4918 videtur.
1195 4861 1324 4918 Ceterum
1343 4861 1488 4932 Agrippae

61 4953 216 5010 tribunicia
242 4953 367 5025 potestus
393 4953 507 5022 quando
524 4952 556 5007 in
573 4951 668 5008 titulis
685 4953 872 5018 memoretur,
898 4969 955 5007 non
982 4951 1097 5008 videtur
1119 4951 1188 5007 anni
1215 4967 1347 5006 numerus
1372 4949 1489 5007 additus

60 5043 149 5104 tuisse
158 5085 167 5116 ‚
201 5061 267 5101 nam
287 5041 319 5100 in
335 5041 422 5100 titulo
440 5043 579 5101 66666666
598 5042 699 5114 (Orelli
714 5043 766 5100 ΙΙΙ.
782 5041 867 5116 6667)
888 5041 1118 5114 supplementum
1134 5057 1193 5098 non
1211 5043 1256 5098 est
1271 5039 1490 5104 admittendum,
