3384 5510
926 290 974 366 sl

234 470 371 558 scripsit,
398 471 435 538 in
457 471 593 558 epistola
614 469 747 539 Antonii
769 471 855 539 etin
878 471 928 538 SO
951 468 1037 555 quod
1058 463 1397 556 subaequalem.
1419 471 1474 539 Gr.
1495 472 1540 556 ΙΙ,
1564 467 1662 559 ’2737)

233 581 389 644 vocantur
417 588 498 661 τρεῖς
520 575 637 663 ἄνδρες
658 582 710 664 τῆς
731 580 793 641 τῶν
815 577 976 663 δημοσίων
1004 579 1200 660 πραγμάτων
1229 575 1413 658 διατάξεως,
1442 578 1521 644 item
1544 577 1585 643 in
1607 578 1663 643 An·

232 681 314 750 tonii
335 683 472 768 epistola
495 683 583 768 apud
605 682 781 769 Josephum
802 683 840 748 A.
859 681 932 750 Jud.
954 681 1042 767 XIV,
1067 683 1118 767 12,
1140 682 1178 747 ὃς
1208 684 1303 764 τριῶν
1325 680 1459 765 α’νδρῶν
1480 686 1663 746 καταστάν-

231 807 295 851 των
316 791 390 870 περὶ
413 791 474 851 τῶν
495 785 658 872 δημοσίων
679 788 888 871 πραγμάτων.
925 787 1064 872 Appiam.
1085 787 1121 852 Β.
1138 786 1173 851 (i.
1188 786 1243 870 lv,
1267 787 1287 852 8
1309 786 1436 872 scripsit
1459 783 1490 850 oi
1509 807 1664 872 χειροτον-

231 893 366 976 ηθέντες
387 889 531 978 δρμδσαι
552 897 608 957 καὶ
631 893 813 976 διορθῶσαι
832 888 872 952 ,τὰ
896 890 999 964 κοινοί,
1022 889 1085 955 Dio
1108 889 1144 954 d.
1165 889 1281 973 XLVI,
1304 889 1361 955 55:
1395 893 1485 980 κοινῇ
1511 894 1579 972 μὲν
1602 891 1663 964 τούς

229 1006 312 1078 τρετς
340 996 423 1081 πρός
444 1019 476 1062 τε
496 996 653 1085 διοίκησιν
681 999 735 1059 καὶ
767 995 849 1080 πρδς
877 994 1070 1058 κατάστασιν
1098 997 1162 1058 τοῖν
1191 992 1391 1080 πραγμάτων
1419 995 1620 1081 ἐπιμελητάς
1638 1019 1662 1059 τε

229 1099 319 1175 τινδς
340 1104 395 1164 καὶ
416 1100 629 1188 διορθωτδς.
654 1151 661 1168 .
685 1148 693 1166 .
715 1100 749 1176 δς
769 1101 820 1184 ἔτη
842 1100 935 1162 πέντε
957 1097 1142 1184 αἱρεθῆναι.

315 1203 351 1270 Ρ.
373 1206 398 1290 Ι,
425 1207 470 1272 44
490 1207 524 1275 in
546 1207 655 1298 lapide
677 1206 758 1274 nihil
786 1205 850 1271 nisi
871 1206 917 1271 IR
946 1212 1108 1291 superest,
1138 1206 1159 1271 i.
1182 1226 1209 1272 e.
1231 1203 1389 1289 oIRoiter,
1426 1227 1503 1273 narn
1524 1209 1617 1274 inter
1637 1227 1659 1274 ο.

232 1309 404 1377 trs-767
429 1311 507 1378 anni
528 1315 636 1380 exacti
658 1317 732 1379 sunt
754 1309 971 1395 quadraginta
994 1315 1025 1375 et
1045 1329 1170 1376 menses
1193 1311 1386 1395 complures:
1417 1315 1515 1378 οοιιδε
1539 1311 1659 1398 scripsi,

228 1433 294 1482 non
316 1436 434 1502 ancos,
473 1418 739 1503 quemadmodum
761 1415 802 1482 de
823 1416 946 1482 Pericle
976 1415 1059 1481 dixit
1081 1415 1193 1483 Cicero
1223 1416 1263 1480 de
1286 1416 1338 1482 Or.
1360 1417 1427 1501 III,
1450 1417 1494 1483 34
1517 1419 1658 1499 quadro-

224 1521 319 1606 9ioto
341 1525 437 1590 οαιωσ
453 1527 611 1607 praescit
624 1525 769 1592 Attenia
815 1522 1029 1588 Mommsenus
1050 1522 1231 1607 proposuit:
1264 1523 1420 1604 prinecps
1449 1531 1591 1589 secutus
1614 1543 1657 1588 ur-

228 1645 289 1709 que
311 1626 357 1692 οδ
376 1648 448 1693 eum
470 1629 563 1710 diem,
587 1650 648 1714 quo
671 1627 830 1714 scr]IP[oi
850 1627 937 1705 leoco,
957 1647 1020 1708 per
1042 1645 1144 1692 accos
1165 1627 1393 1709 quadruplata.
1490 1655 1493 1660 ¹

316 1730 354 1797 Ρ.
376 1733 402 1819 Ι,
423 1733 467 1800 45
490 1735 578 1821 apud
598 1716 772 1802 Porrotum'
786 1736 835 1798 est
855 1731 1012 1816 MMORI,
1040 1731 1097 1797 sed
1118 1732 1223 1817 prima
1244 1730 1351 1796 littera
1374 1731 1523 1818 evanida,
1563 1733 1657 1799 altera

224 1833 260 1900 Μ
281 1833 343 1900 fuit
362 1835 452 1903 haud
473 1837 571 1905 dubie
598 1840 660 1925 SA,
683 1837 768 1922 quod
790 1837 888 1902 ctiam
909 1836 1124 1902 Mommsenus
1145 1834 1235 1902 vidit.
1257 1870 1301 1884 -
1321 1835 1357 1900 P.
1379 1835 1404 1919 Ι,
1427 1833 1470 1900 46
1492 1837 1527 1902 in
1554 1836 1655 1923 lapide

223 1935 343 2023 legitur
363 1941 447 2026 TVI,
469 1941 505 2008 in
526 1963 589 2029 quo
612 1944 783 2011 censebam
802 1941 953 2024 feTlAlts
975 1941 1161 2007 delitescere
1183 1941 1253 2007 loco
1269 1941 1410 2006 maxime
1431 1949 1466 2005 nt
1486 1941 1655 2009 videbatur

223 2053 429 2134 congruente,
450 2068 528 2115 nam
549 2050 637 2136 apud
658 2050 820 2116 Perottum
841 2053 906 2114 est:

860 2257 894 2322 M
915 2253 1022 2322 MORI

859 2361 934 2427 TVI
1092 2381 1094 2386 ·

223 2465 284 2535 sed
304 2485 390 2536 nunc
411 2468 570 2537 assentior
590 2468 797 2553 Mommseno,
820 2465 875 2552 qui
897 2485 1010 2534 vocem
1035 2464 1168 2532 YsTIVo
1189 2463 1236 2531 ibi
1258 2462 1477 2551 deprehendit.

836 2722 917 2814 cap.
939 2723 1043 2796 vm.

307 2900 344 2966 P.
366 2899 408 2986 Π,
433 2900 463 2970 1.
515 2902 554 2968 In
589 2923 708 2988 graeca
742 2901 1004 2987 interpretatione
1038 2920 1111 2966 cum
1143 2898 1296 2965 traditum
1331 2899 1373 2965 sit
1398 2897 1521 2987 lTHI,
1558 2903 1647 2969 malui

220 2998 386 3089 [δόγμ]ατι
408 3007 465 3069 τοῦ
487 3028 518 3070 το
540 3003 645 3092 δήμου
675 3010 730 3070 καὶ
751 3010 804 3090 τῆς
825 3004 999 3089 σονκλήτον
1029 3005 1169 3072 scribere
1202 3024 1297 3088 quam
1329 3006 1481 3094 [γνωμῃ.
1533 3009 1600 3075 Dio
1621 3009 1665 3093 Ol

218 3106 289 3192 LII,
312 3109 355 3173 42
378 3115 501 3176 tantum
525 3118 657 3178 senatus
679 3111 902 3177 auctoritatem
923 3117 1094 3195 memorat,
1122 3110 1208 3175 idem
1232 3109 1363 3195 (XLIX,
1385 3094 1443 3198 435
1465 3113 1570 3180 refert
1588 3116 1645 3200 jam
1663 3137 1664 3179 l

218 3233 250 3278 a.
266 3214 329 3277 721
352 3215 505 3299 patricios
527 3216 571 3282 ab
583 3218 728 3301 Augusto
751 3217 884 3282 allectos
907 3236 986 3300 esse,
1009 3215 1094 3300 quod
1116 3220 1270 3296 tanquam
1292 3212 1356 3278 fide
1377 3213 1552 3298 indignum
1575 3219 1663 3302 rejen

139 3329 141 3334 ·
216 3317 261 3383 cit
281 3318 505 3387 Mommsenus.
549 3321 636 3388 Sane
658 3321 720 3387 Dio
746 3322 893 3404 quamvis
916 3320 1055 3404 diligens
1085 3324 1197 3384 auctor
1219 3317 1333 3383 erroris
1353 3339 1418 3385 non
1441 3322 1576 3390 omnino
1598 3325 1642 3388 im·

215 3421 322 3488 munis
344 3429 412 3510 est,
446 3425 505 3492 scd
532 3427 718 3511 plerumque
746 3425 905 3510 indagare
934 3425 1029 3510 licet,
1062 3423 1139 3544 quid
1161 3443 1232 3489 eum
1261 3423 1295 3487 in
1318 3443 1456 3490 errorem
1477 3426 1661 3524 induxerit,

216 3545 419 3612 requerere
442 3533 561 3598 temere
583 3531 757 3616 quidquam
779 3535 974 3598 commentus
997 3536 1062 3614 est3
1092 3530 1201 3613 itaque
1224 3528 1472 3596 existimandum
1495 3540 1557 3620 est,
1582 3555 1659 3611 eumq

216 3633 286 3720 ejus
309 3633 357 3700 rei
379 3636 565 3702 memoriam
594 3637 682 3723 apud
710 3636 792 3703 alios
822 3643 968 3703 auctores
991 3657 1020 3702 a
1044 3580 1105 3700 i21
1129 3636 1283 3701 traditam
1313 3637 1501 3721 repperisse.
1551 3640 1640 3705 Patn
1657 3643 1658 3697 l

215 3740 335 3808 ciorum
357 3760 507 3808 numerus
529 3763 600 3809 oum
618 3744 689 3829 jam
710 3743 885 3810 novissimo
907 3743 954 3808 rei
976 3742 1125 3828 publicae
1155 3748 1296 3826 tempore
1319 3740 1415 3807 ualde
1439 3747 1560 3810 esset
1550 3747 1639 3811 rmmi·

212 3850 320 3931 nutus,
342 3867 446 3932 neque
469 3848 591 3916 Caesar
612 3850 729 3916 multas
752 3856 865 3934 gentes
898 3849 946 3934 (in
969 3849 1084 3930 quibus
1108 3846 1245 3914 Octavia
1268 3847 1342 3932 luit)
1366 3849 1519 3932 allegisse
1542 3852 1639 3917 videa·

217 3959 279 4038 tur,
302 3951 398 4020 facile
419 3959 546 4040 poterat
567 3955 713 4040 Augusto
734 3956 912 4022 necessitas
942 3952 1084 4038 augendi
1111 3954 1318 4040 patriciorum
1341 3954 1464 4018 numeri
1486 3956 1637 4040 obvenire,

211 4058 241 4126 si
264 4059 392 4144 quando
415 4060 597 4127 sacerdotia
620 4068 713 4127 erant
735 4061 977 4127 demandanda:
1012 4080 1149 4143 namque
1182 4059 1330 4144 princeps
1361 4058 1495 4125 callidus
1522 4069 1554 4127 et
1577 4082 1636 4149 pru·

211 4165 293 4232 dens
315 4185 410 4233 sacra
431 4187 453 4233 a
474 4167 650 4253 majoribus
672 4167 792 4233 tradita
813 4168 963 4251 religiose
984 4166 1142 4250 tuebatur,
1178 4172 1209 4232 et
1232 4166 1377 4250 quamvis
1399 4163 1433 4229 in
1455 4165 1521 4231 ista
1543 4187 1633 4232 rerum

211 4270 399 4340 confusione
417 4272 447 4340 ei
467 4271 578 4338 liceret
598 4272 633 4337 in
656 4273 761 4339 locum
782 4273 927 4358 patriciis
948 4273 1129 4338 horninibus
1148 4271 1341 4338 destinatum
1363 4271 1461 4336 ctiam
1484 4272 1633 4358 plebejcn

212 4380 381 4463 cooptare,
409 4376 523 4441 maluit
552 4375 587 4440 in
609 4376 671 4441 hae
701 4396 827 4461 quoque
855 4397 890 4442 re
921 4377 1078 4463 maj0rum
1100 4397 1221 4443 morem
1244 4378 1415 4444 observare
1430 4375 1466 4464 ¹).
1512 4379 1631 4446 Consul

208 4486 318 4548 cutem
350 4482 457 4569 ipsum
478 4481 660 4564 Augustum
690 4501 720 4548 a.
743 4483 816 4570 722,
850 4502 922 4549 cum
950 4483 1070 4549 bellum
1093 4482 1284 4568 Cleopatrae
1314 4482 1523 4550 indicendum
1555 4489 1631 4566 esset

268 4726 311 4809 Ι1)
329 4725 483 4794 Nonnulli,
512 4728 593 4785 velut
611 4727 736 4800 langius
754 4728 817 4800 (An.
834 4725 914 4786 Rom.
934 4730 957 4797 Ι,
975 4729 1040 4802 247)
1060 4727 1232 4786 existimant
1255 4746 1307 4802 per
1330 4717 1553 4801 omriextcmpus
1575 4727 1629 4785 solo

211 4816 375 4890 patricios
366 4835 398 4873 rn
415 4815 557 4874 fetialium
577 4817 727 4890 collegium
747 4821 894 4890 cooptatos
914 4835 990 4888 csso,
1017 4821 1067 4877 sed
1086 4821 1156 4876 hace
1177 4820 1273 4891 opinio
1291 4819 1372 4875 nulla
1389 4810 1493 4910 idoriQ
1525 4815 1628 4875 aucun·

210 4909 272 4963 tate
290 4907 410 5056 nititgn
439 4907 593 4966 verisimile
611 4910 707 4966 estex
725 4910 808 4981 parte
828 4909 949 4967 dimidia
967 4912 1037 4966 tune
1054 4909 1170 4968 fetiales
1187 4909 1324 4982 patricios
1341 4909 1433 4985 fictos
1452 4910 1576 4996 comi.
1559 4905 1627 4965 fd

201 5013 274 5070 ¹cero
290 5011 344 5072 pro
381 5013 445 5058 omo
463 4999 506 5059 14.

1558 5056 1594 5150 ...ρ
