3384 5510
748 313 803 386 45,

141 485 240 556 Initio
263 487 341 556 anni
362 488 436 574 791,
469 503 567 573 quum
586 485 699 559 Rullus
727 485 834 571 legem
857 485 1022 571 agrariam
1044 484 1157 574 ferret,
1184 485 1304 574 populo
1325 486 1488 576 majorum

47 614 145 660 more
172 595 356 680 pontificem
384 594 560 660 maximum
593 613 702 660 creare
735 592 863 678 licebat,
898 592 1079 660 sacerdotia
1111 591 1235 662 deferre
1254 615 1321 664 non
1347 601 1485 680 poterat,

49 698 168 764 Sullae
191 698 263 785 lege
286 701 481 766 etiamtunc
502 700 651 784 vigeut03
673 718 784 766 verum
806 717 844 766 eo
867 697 938 784 ipso
961 719 1046 766 anuo
1058 699 1220 766 Labienus
1240 700 1358 786 populo
1379 720 1485 768 sacer·

51 803 167 871 dotum
187 805 395 873 creandorum
413 805 579 873 arbitrium
594 804 742 871 restituit.
772 803 882 872 Dion.
896 804 1067 890 XXXVII,
1081 805 1121 870 37
1139 803 1217 872 dicit
1228 806 1407 874 Labienum
1417 808 1484 877 Dos

49 910 181 978 mitiam
195 911 302 996 legem
316 929 489 980 renovasse
500 910 535 998 1),
558 909 616 976 sed
626 909 764 976 Labieni
781 909 895 994 legem,
918 907 1008 994 cujus
1026 908 1147 976 auxilio
1160 907 1284 978 Caesar
1300 907 1415 997 (aalma
1431 911 1488 981 ael,

49 1015 130 1089 νέος
151 1019 205 1078 ael
225 1015 359 1100 aquino
389 1015 622 1100 despumantis
650 1021 685 1082 ut
706 1015 769 1082 Diu
794 1013 886 1100 dicit)
916 1013 1062 1099 pontifex
1090 1015 1249 1085 maximus
1277 1021 1404 1085 crocus
1425 1022 1485 1102 esi,

46 1121 150 1207 plura
170 1122 344 1188 novavIsso
364 1121 570 1189 manifestum
591 1127 655 1187 est:
678 1141 750 1188 cum
768 1119 914 1188 'Domitia
936 1119 990 1188 lex
1010 1119 1055 1186 ad
1074 1120 1295 1205 pontificatum
1310 1121 1485 1202 maximam

48 1227 185 1293 omnino
208 1248 273 1294 non
296 1227 454 1312 attineret,
481 1227 646 1292 Labienus
667 1225 795 1292 videtur
817 1223 940 1293 aditum
963 1223 1007 1294 ad
1027 1225 1258 1310 amplissimum
1279 1225 1364 1294 hunc
1385 1226 1485 1296 bono-

46 1351 123 1398 rem
145 1331 321 1400 faciliorem
343 1331 539 1418 reddidisse,
575 1332 742 1418 potuitque
773 1331 827 1396 ille
859 1330 1005 1414 neglecto
1035 1330 1194 1416 majorum
1215 1352 1302 1406 more
1323 1332 1484 1418 ponteclo

46 1437 188 1503 maximi
211 1433 341 1504 amandi
358 1437 413 1523 jus
435 1459 456 1503 a
474 1437 623 1503 tribubus
644 1437 740 1504 XVII
755 1435 798 1502 ad
813 1436 940 1504 XXXV
962 1435 1144 1522 uausferre,
1167 1452 1207 1507 ao
1228 1437 1365 1507 fumasse
1385 1438 1483 1512 eiam

49 1540 95 1607 de
119 1541 339 1610 sacerdotibus
361 1541 574 1627 subrogandis
596 1541 683 1608 idem
705 1542 822 1626 sanxit,
856 1539 942 1625 quod
970 1540 1041 1627 jam
1063 1547 1160 1606 antea
1182 1541 1326 1608 Licinius
1348 1542 1483 1619 Crassus

46 1646 182 1712 videtur
211 1646 362 1714 suasisse.
404 1648 526 1732 Legem
557 1646 678 1714 Juliam
706 1646 747 1712 de
769 1645 958 1712 sacerdotiis
992 1664 1074 1710 unus
1096 1645 1209 1714 Cicero
1239 1645 1282 1711 ad
1303 1646 1391 1711 Brut.
1412 1647 1438 1712 I.
1460 1647 1482 1712 5

45 1756 225 1836 memorat3
245 1772 284 1818 ea
302 1752 401 1835 igitur
418 1772 494 1818 num
512 1752 596 1818 hanc
614 1772 682 1818 rem
695 1772 779 1818 novo
798 1750 893 1817 modo
912 1748 1108 1816 ordinaverit
1128 1750 1226 1835 plane
1242 1749 1482 1836 incompertum.

19 1841 23 1846 ¹
106 1856 121 1878 “
144 1853 237 1934 Quod
259 1855 422 1940 Augustus
444 1876 509 1923 non
531 1857 639 1924 statim
660 1862 733 1942 post
745 1855 861 1947 Lepidi
882 1861 1015 1923 mortem
1037 1875 1066 1921 a.
1088 1855 1150 1920 741
1175 1854 1395 1940 pontificatum
1415 1875 1483 1923 ma·

49 1957 178 2026 ximum
200 1961 294 2045 cepit,
327 1959 385 2028 sed
419 1962 564 2048 proximo
595 1961 722 2029 demum
753 1981 838 2029 anno
861 1962 925 2044 742
956 1959 1008 2025 die
1031 1960 1051 2024 6
1073 1958 1181 2024 Martii
1211 1959 1340 2026 comitia
1368 1958 1483 2028 habita

47 2072 138 2150 sunt,
160 2065 235 2131 inde
257 2070 414 2154 repetunt,
437 2066 521 2151 quod
542 2066 654 2133 eodem
677 2065 867 2133 dieCaesar
889 2087 918 2132 a.
931 2065 993 2132 691
1017 2063 1163 2150 pontifex
1184 2063 1226 2130 M.
1238 2061 1333 2130 fuerit
1355 2071 1481 2134 oreatus

47 2169 116 2257 (ita
136 2170 290 2236 Marinius
309 2178 340 2237 et
357 2169 563 2236 Dmmaunus
584 2171 667 2236 Hist.
679 2169 717 2236 R.
736 2169 797 2256 III,
816 2168 909 2254 lb‘llz
939 2187 1021 2236 sane
1039 2169 1085 2235 ab
1108 2168 1247 2252 Augusti
1265 2169 1398 2254 ingenio
1420 2170 1482 2237 lace

48 2297 120 2343 non
148 2276 317 2361 abhorret,
350 2282 382 2341 et
413 2295 484 2342 cum
513 2276 548 2342 in
576 2275 684 2342 Fastis
712 2276 801 2343 Maff.
832 2276 1020 2343 adnotatum
1050 2274 1110 2360 sit,
1136 2275 1306 2342 Gaesarem
1335 2273 1397 2341 loc
1423 2275 1480 2343 die

49 2382 176 2479 factum
198 2401 269 2448 esse
290 2381 473 2468 pontificem
493 2381 677 2467 maximum,
698 2382 803 2467 possIs
826 2381 910 2447 bane
932 2379 1173 2448 adnotationem
1194 2378 1238 2444 ad
1249 2379 1327 2447 fulli
1350 2379 1480 2447 comitia

45 2485 188 2573 referre,
221 2506 323 2571 neque
353 2485 485 2571 mirum,
519 2487 547 2552 si
576 2493 689 2572 postea
715 2486 750 2551 in
771 2485 860 2552 Fast
882 2487 996 2552 Praen.
1019 2484 1158 2570 Augusti
1188 2483 1320 2550 comitia
1341 2482 1375 2548 in
1403 2503 1477 2550 eum

47 2595 158 2663 locum
179 2593 361 2661 succedunt.
405 2591 523 2658 Verum
545 2591 704 2658 assentior
724 2591 921 2659 Mommseno
944 2591 1094 2658 Caesaris
1116 2588 1244 2656 nemine
1264 2587 1332 2654 illic
1352 2607 1479 2674 xquoquo

47 2699 233 2786 Augustum
261 2695 456 2782 significari,
490 2695 530 2761 de
553 2715 615 2780 quc
647 2695 744 2762 etiam
766 2695 916 2764 Ovidium
935 2695 1038 2762 verbe
1067 2694 1174 2761 facere
1195 2693 1400 2761 manifestum
1421 2699 1479 2764 est

47 2805 259 2889 Caesarque
282 2797 361 2869 anui
382 2807 524 2888 tempore
546 2801 692 2888 pontifex
713 2801 755 2868 M.
778 2807 903 2868 oreatus
926 2801 977 2887 sit,
999 2819 1064 2869 non
1087 2806 1135 2866 est
1163 2799 1333 2885 nuditum,
1366 2817 1478 2868 settuue

50 2907 129 2975 dum
149 2909 286 2977 Dionem
309 2909 344 2975 O.
366 2907 535 2993 XXXVII,
558 2909 598 2974 37
623 2907 753 2974 comitia
773 2907 887 2974 habita
909 2912 983 2974 sunt
1004 2926 1089 2974 anno
1113 2913 1272 2994 extreme,
1302 2926 1378 2972 nam
1400 2906 1478 2976 dicit

50 3013 226 3081 Caesarem
247 3013 356 3101 populi
378 3012 517 3097 gratiam
538 3013 677 3079 maxime
700 3013 764 3079 sibi
782 3013 979 3098 conciliasse,
1002 3011 1087 3096 quod
1109 3011 1235 3078 detecta
1257 3011 1477 3098 conjuratione

50 3120 213 3187 Catilinae
235 3120 275 3186 de
303 3119 439 3186 Lentulo
469 3118 605 3203 aliisque
635 3118 787 3186 facinoris
817 3119 912 3185 sociis
942 3117 1134 3204 supplicium
1163 3137 1320 3184 summum
1351 3138 1477 3185 sumen,

46 3225 128 3294 dom
148 3245 220 3294 esse
241 3225 425 3310 negaverit:
460 3230 495 3291 at
515 3225 575 3292 hoe
598 3224 675 3292 anni
701 3231 826 3312 tempus
855 3223 991 3291 comitiis
1013 3223 1182 3310 pontificis,
1195 3222 1326 3290 creandi
1347 3224 1477 3292 minime

50 3341 264 3421 opportunum
286 3333 432 3417 arbitror,
454 3352 494 3398 ac
515 3331 748 3399 Siatoucaas.
770 3333 811 3397 13
834 3329 959 3398 videtur
980 3329 1133 3416 indicare,
1157 3329 1329 3398 Caesarem
1349 3328 1476 3416 pontifi·

51 3447 143 3508 catus
164 3441 317 3508 honorem
338 3443 413 3504 ante
428 3438 588 3505 Catilinae
610 3436 862 3524 conjurationem
878 3455 1065 3523 oppressam
1077 3434 1229 3521 adeptum
1245 3455 1324 3504 esse.
1366 3435 1475 3506 Anna·

49 3547 130 3614 lium
151 3547 295 3632 scriptor,
319 3563 413 3629 quem
435 3543 499 3610 Dio
521 3543 673 3629 sequitur,
702 3542 828 3610 videtur
849 3549 1019 3629 postquam
1039 3561 1090 3608 res
1112 3562 1142 3608 a.
1165 3541 1226 3606 791
1252 3546 1362 3626 gesom
1383 3559 1475 3609 enan

49 3653 134 3722 ravit
161 3673 249 3720 more
278 3649 437 3716 tralaticio
466 3650 532 3736 alia
555 3647 713 3734 quaedem
734 3647 888 3714 memoria
911 3646 1011 3732 digna
1032 3644 1216 3732 subjecisse,
1245 3647 1335 3713 velut
1356 3646 1475 3714 Caesa·

48 3779 116 3828 rem
145 3779 183 3825 eo
214 3778 300 3824 anno
328 3754 512 3842 pontificem
532 3753 574 3820 M.
596 3759 738 3820 creatum
767 3774 855 3838 esse3
894 3752 970 3819 inde
1000 3752 1062 3818 Dio
1092 3751 1126 3816 in
1156 3771 1294 3818 errorem
1325 3751 1474 3820 inductus

47 3863 178 3931 comitia
211 3862 293 3928 haec
321 3863 380 3929 sub
412 3860 490 3932 anni
519 3860 615 3926 finem
643 3859 757 3926 habita
778 3858 993 3943 existimavit,
1026 3876 1066 3926 ao
1087 3856 1198 3942 populi
1220 3857 1375 3944 gratiam,
1409 3851 1473 3948 que

48 3969 184 4036 florebat
205 3968 346 4052 Caesar,
379 3985 439 4033 suo
467 3966 609 4052 periculo
639 3965 822 4051 explicavit
865 3965 976 4048 Neque
996 3983 1074 4030 vero
1095 3961 1150 4028 die
1173 3963 1193 4026 6
1215 3963 1323 4030 Martii
1345 3971 1471 4038 creatos

49 4081 98 4142 est
118 4075 238 4141 Caesar
259 4078 346 4160 punt.
368 4071 420 4157 M,
441 4092 517 4137 uam
539 4071 623 4136 hunc
646 4070 798 4138 bonorem
820 4091 885 4136 non
906 4069 994 4155 prius
1015 4069 1116 4155 petiit,
1142 4089 1239 4153 quam
1260 4069 1397 4140 Labieni
1418 4071 1472 4139 lex

50 4179 90 4247 de
107 4179 293 4248 sacerdotiis
310 4178 435 4266 perlata
449 4176 523 4244 fuit:
545 4175 750 4243 manifestum
770 4181 878 4242 autem
898 4173 950 4241 his
965 4175 1060 4242 rebus
1074 4173 1269 4261 peragendis
1285 4174 1365 4244 duos
1383 4197 1471 4246 men·

49 4501 94 4561 dit
112 4501 221 4561 Sullam
239 4503 327 4560 etiam
349 4501 424 4559 hunc
453 4495 591 4572 majorum
614 4513 721 4556 morem
739 4495 933 4572 abrogavisso;
960 4493 1125 4556 testimonia
1152 4493 1255 4567 quihus
1282 4495 1375 4557 utitor
1397 4495 1472 4574 nibil

45 4595 184 4666 probant,
209 4596 324 4665 poterat
339 4591 483 4649 'adhibere
501 4589 601 4648 Dionia
620 4585 714 4649 locum
733 4589 830 4658 XLIV,
849 4591 884 4646 53
903 4589 937 4649 de
956 4588 1063 4659 Lepido
1081 4605 1132 4660 per
1147 4586 1305 4648 'Lemnium
1319 4589 1472 4662 pontifica-

44 4687 109 4740 tum
135 4684 292 4743 maximum
316 4683 465 4742 consecuto
483 4682 509 4742 fe
526 4699 550 4734 τε
574 4677 634 4742 τοὺς
651 4679 739 4750 ἱερέως
763 4671 843 4738 αὖθις
868 4675 921 4732 aad
939 4676 985 4734 aa
1008 4676 1098 4748 diuae
1116 4673 1161 4742 υὶν
1184 4677 1288 4750 αἳρεσιν
1315 4675 1363 4735 sori
1380 4676 1472 4758 cippos·

50 4773 115 4849 ρέως
128 4775 288 4846 ἐπανήγαγε,
308 4777 339 4830 at
356 4790 422 4830 vero
440 4771 493 4828 Dio
512 4789 568 4827 non
583 4770 735 4832 Sullanam
752 4771 886 4837 aetatem,
903 4769 953 4826 aed
969 4767 1169 4838 antiquissima
1188 4769 1319 4842 tempora
1334 4770 1471 4846 raopenii.

123 4866 149 4937 1)
167 4865 213 4920 aei
230 4867 276 4927 τὰς
294 4865 408 4936 αἱρέσεις
425 4860 476 4916 τῶν
494 4862 595 4933 ἱερέων,
612 4860 772 4934 γράψαντος
788 4859 840 4934 μὲν
857 4857 903 4916 τοῦ
919 4857 1065 4930 Αιβιςνοῧ,
1083 4855 1286 4930 onoads‘oarroe
1301 4857 1388 4920 dirui
1401 4862 1471 4913 Kef-

42 4969 140 5025 «Μ.
156 4957 182 5018 ts
192 4955 245 5017 'aba
261 4955 350 5028 iiim
367 4947 448 5017 «aas
467 4958 482 5014 ὁ
499 4954 595 5031 dputes
610 4954 687 5029 aaut
705 4954 750 5015 rb(
767 4954 813 5014 rui
823 4954 928 5018 staua
943 4950 1228 5028 metaurenses
1245 4948 1471 5026 mamm

46 5045 90 5101 tir
106 5046 151 5101 voi
167 5048 308 5120 Δομιτίου.
