3384 5510
91 1831 277 1919 Imperator
305 1833 471 1918 Augustus
508 1852 593 1901 anno
630 1832 719 1900 urbis
759 1833 823 1900 766
859 1854 969 1903 mense
1003 1833 1109 1921 Aprili
1144 1838 1220 1900 ante
1256 1851 1376 1900 annum
1408 1837 1441 1898 et

8 1942 154 2017 quattuor
176 1959 321 2025 menses,
352 1961 449 2024 qnam
472 1938 655 2026 decederet,
686 1938 774 2024 apud
801 1941 944 2026 virgines
965 1940 1112 2008 Vestales
1139 1943 1364 2006 testamentum
1387 1935 1440 2004 de·

8 2040 125 2127 posuit,
148 2043 270 2128 partim
292 2063 351 2110 sna
373 2044 490 2130 ipsine,
513 2044 630 2131 partim
652 2044 781 2128 Polybii
802 2049 834 2110 et
849 2045 1025 2111 Hilarionis
1039 2045 1224 2113 libertorum
1246 2063 1343 2108 manu
1365 2041 1440 2108 scri-

8 2145 139 2232 ptum1).
196 2147 357 2215 Defuncto
386 2150 578 2236 imperatore
600 2148 743 2232 virgines
765 2155 892 2234 praeter
913 2155 1139 2216 testamentum
1160 2147 1357 2236 protulerunt
1379 2146 1441 2212 trin

8 2248 170 2316 volumina
203 2253 325 2337 pariter
346 2254 380 2318 in
401 2255 519 2320 Vestae
549 2252 629 2318 aede
653 2259 798 2337 semum
826 2273 889 2320 runo
912 2254 1073 2320 volumine
1103 2249 1280 2338 Angustus,
1306 2258 1341 2318 nt
1362 2252 1441 2320 Sne·

8 2354 109 2420 tonius
133 2353 234 2443 (Aug.
247 2358 322 2436 101)
346 2357 439 2444 dicit,
461 2360 616 2424 moudotu
638 2359 677 2423 de
696 2358 812 2440 furcere
834 2377 891 2424 suo
915 2359 1099 2444 complexus
1122 2364 1208 2444 erat3
1231 2357 1332 2424 altero
1355 2357 1440 2424 iudi·

8 2475 204 2526 securorum
227 2483 247 2528 o
270 2483 304 2529 sc
323 2469 503 2548 postorum,
537 2484 627 2546 quiem
649 2464 743 2530 oellct
766 2464 868 2529 incidi
896 2464 932 2529 iu
961 2464 1068 2530 aeneis
1097 2461 1229 2546 tubulis,
1264 2483 1346 2546 quoe
1369 2472 1441 2528 oute

8 2564 213 2632 Mausoleum
235 2575 453 2636 statuerentur
460 2595 471 2653 ,·
493 2569 586 2636 tertio
610 2570 807 2636 breviarium
830 2570 928 2636 totius
949 2570 1094 2652 imperii,
1124 2574 1280 2652 puuctum
1302 2567 1441 2634 militum

8 2669 61 2734 sub
82 2672 188 2756 sipuis
209 2675 327 2758 ubique
348 2681 445 2754 essct,
477 2682 632 2760 quantum
658 2677 816 2758 pecuniae
842 2676 878 2741 iu
907 2676 1036 2744 aerario
1066 2681 1097 2742 et
1124 2675 1214 2758 piscis
1244 2678 1274 2739 et
1304 2671 1441 2756 uectipu·
1476 2759 1480 2766 .

9 2771 121 2842 tiorum
143 2779 301 2846 residuis:
335 2782 454 2864 adjecit
473 2789 504 2848 et
519 2782 703 2848 libertorum
731 2802 957 2865 seruorumque
984 2783 1132 2861 nomino,
1167 2778 1325 2863 aquibus
1354 2778 1440 2844 ratio

9 2881 92 2963 enipi
115 2883 274 2974 possed).
325 2887 394 2953 Hos
423 2887 549 2954 libellos
571 2888 734 2973 Angustus
767 2908 914 2974 supremo
949 2887 1036 2956 vitae
1070 2893 1213 2974 tempore
1246 2883 1441 2970 composuit3

9 2981 99 3051 index
122 2995 230 3076 certe,
259 3011 353 3075 quem
374 2991 476 3059 solum
495 3013 560 3059 non
583 2993 801 3059 oblitteratum
828 3013 898 3060 esse
928 2993 1040 3060 merito
1069 2992 1243 3077 laetamur,
1277 2989 1440 3058 confectus

10 3094 51 3155 est
79 3100 153 3178 post
187 3099 412 3164 testamentum
443 3096 606 3187 (quorsum
637 3104 761 3186 spectat
791 3097 878 3184 qnod
906 3098 1022 3183 legitur
1049 3099 1084 3165 in
1113 3098 1220 3165 indice
1241 3097 1298 3183 IV,
1322 3095 1379 3162 16:
1411 3095 1440 3162 si

10 3263 321 3286 Ἢ

80 3373 106 3444 1)
126 3372 244 3432 Sueten.
258 3375 331 3450 Auge
353 3377 412 3433 101.
449 3373 601 3448 Polybium
619 3373 753 3430 defuncto
768 3373 896 3447 Augusto
915 3377 1119 3435 testamentum
1138 3373 1169 3435 in
1187 3377 1295 3434 senatu·
1306 3371 1439 3435 recitasse

11 3465 106 3520 auctor
125 3469 171 3524 est
191 3465 245 3525 Dio
264 3470 294 3525 O.
313 3469 385 3536 LVI,
406 3470 449 3526 32.

79 3555 108 3626 2)
127 3557 235 3614 Eadem
254 3564 353 3618 narrat
372 3561 425 3618 Dio
445 3561 475 3618 O.
494 3561 564 3628 LVI,
584 3563 627 3629 33,
647 3578 704 3618 non
723 3561 889 3620 Suetonium
909 3565 1029 3630 secutus,
1057 3564 1091 3618 ut
1108 3559 1296 3618 Mommsenus
1314 3576 1342 3630 p.
1361 3559 1378 3614 3
1397 3554 1440 3612 di·

11 3637 56 3707 tib
75 3643 124 3699 Sed
144 3645 234 3702 alium
254 3667 338 3718 quem
358 3661 511 3719 auctorem,
530 3651 579 3721 qni
599 3653 682 3723 plura
700 3653 735 3708 de
752 3654 797 3710 his
815 3654 1007 3712 voluminibus
1025 3651 1178 3710 memoriae
1194 3650 1366 3722 prodiderat,
1384 3647 1440 3703 for·

12 3729 80 3788 tasse
94 3733 239 3792 Aufidium
254 3740 380 3797 Bassum.
412 3743 466 3799 Sed
486 3742 560 3812 qnod
574 3740 628 3798 Dio
647 3745 782 3810 quattuor
796 3743 881 3800 luisse
899 3745 986 3800 libros
1006 3743 1166 3814 quartoque
1179 3739 1322 3796 uolumine
1334 3736 1440 3809 princi·

12 3835 74 3888 pem
91 3826 211 3882 consilia
228 3828 263 3885 de
282 3831 430 3901 republica
448 3831 673 3887 administranda
692 3830 763 3886 dicit
782 3827 959 3902 complexum
978 3851 1045 3900 esse,
1073 3832 1159 3897 errat,
1177 3830 1320 3900 deceptus,
1346 3829 1379 3882 nt
1397 3825 1440 3883 ri·

12 3907 92 3966 detur
116 3915 203 3971 latini
220 3919 381 3991 scriptoris,
407 3939 490 3992 quem
509 3920 650 3986 adhibuit,
679 3920 806 3978 oratione
831 3938 886 3976 non
905 3921 974 3978 satis
992 3923 1092 3993 planu:
1119 3922 1189 3976 haec
1217 3918 1293 3974 enirn
1322 3914 1440 3972 consilia

12 3999 136 4071 subjecta
154 4005 270 4064 fuerunt
286 4009 428 4066 breviario
447 4008 568 4080 imperii,
588 4011 621 4064 ut
640 4010 756 4066 Tacitus
775 4010 844 4065 Ann.
863 4011 885 4077 1,
906 4011 938 4065 11
958 4011 1094 4068 ostendit:
1115 4008 1243 4080 proferri
1259 4006 1375 4061 libellum
1393 4024 1440 4080 re-¹

13 4089 137 4163 citarique
150 4098 251 4164 jussit.-
281 4118 344 4170 opes
358 4101 481 4171 publicae
501 4101 712 4166 continebuntur,
734 4106 864 4173 quantum
883 4101 982 4156 civium
1000 4103 1183 4170 sociorumque
1201 4097 1230 4152 iu
1249 4096 1347 4163 armis,
1377 4101 1441 4168 quot

13 4178 105 4236 classes
122 4202 207 4256 renuo
221 4189 388 4258 prouinciae,
411 4189 510 4244 tributu
529 4195 577 4243 uui
594 4189 749 4261 vectualia,
782 4195 807 4242 et
825 4191 989 4244 necessitates
1008 4209 1040 4245 oe
1060 4188 1228 4259 terpitiouesc
1257 4204 1325 4258 quoe
1344 4191 1440 4240 cuncto

13 4285 60 4325 tua
79 4293 163 4331 mauu
183 4278 360 4352 descripserat
377 4285 530 4353 Aequoreos,
557 4280 750 4352 addideratque
775 4281 914 4336 coralium
934 4278 1075 4336 coercendi
1090 4279 1163 4332 intro
1182 4275 1308 4330 wrmiuos
1326 4275 1441 4346 imperii·

14 4356 73 4428 1³50,
92 4366 142 4434 qui
162 4367 266 4437 quarti,
295 4387 380 4440 quem
399 4370 478 4438 dicit,
509 4369 603 4426 libelli
622 4373 820 4442 argumentum
838 4372 997 4427 accuratius
1016 4367 1142 4440 exponit,
1166 4366 1219 4421 hoc
1238 4365 1331 4436 ipsum
1350 4364 1440 4421 consi·

13 4442 82 4504 linm
100 4455 251 4516 novissimo
269 4459 332 4517 1000
350 4463 489 4518 recenset:
509 4458 623 4532 γνώμην
635 4477 659 4513 rs
673 4457 762 4519 αὐτοῖς
779 4460 869 4524 idere,
888 4465 942 4522 τοῖς
959 4479 983 4514 rs
999 4459 1133 4531 παροῦσιν
1152 4455 1307 4529 decelinus,
1325 4457 1372 4510 uui
1388 4477 1439 4529 μη-

14 4536 111 4611 dnprtf
134 4547 177 4600 rur
194 4551 288 4605 πλεῖον
310 4551 354 4618 τὴν
380 4550 467 4624 ἀρχὴν
488 4551 631 4616 ἐπαυξῆσαι
655 4549 784 4616 ἐθελῆσαι·
815 4550 1003 4621 donpileuro'r
1021 4567 1045 4604 re
1062 4547 1117 4621 γὰρ
1143 4545 1224 4612 αὐτὴν
1247 4548 1368 4617 ἔσεσθαι,
1394 4545 1441 4600 καὶ

14 4629 192 4692 atriensium
209 4640 238 4694 lu
256 4640 347 4695 reiron
366 4640 460 4695 καὶτὰ
483 4640 544 4695 ὄντα
563 4638 702 4704 ἀπολέσαι,
718 4637 782 4710 jure
802 4638 955 4696 admonens
974 4641 1134 4711 Angustum
1152 4637 1222 4692 haec
1241 4635 1396 4707 prudenter
1410 4637 1440 4691 et

15 4715 84 4775 Serio
102 4727 289 4800 praecepisse,
308 4747 372 4786 cnm
391 4730 514 4797 Tacitus,
539 4727 588 4799 qni
606 4727 753 4783 hominnm
772 4745 852 4784 sensa
869 4728 901 4784 in
919 4730 1044 4803 peJ'orem
1063 4734 1175 4804 partem
1191 4726 1377 4798 interpretari
1396 4741 1439 4782 so·

15 4801 62 4872 let
80 4810 236 4873 addiderit:
255 4818 386 4875 incertum
399 4828 471 4877 nutu
491 4839 528 4876 nu
541 4837 594 4893 per
613 4819 754 4875 iuridicis.
792 4817 868 4874 Illud
889 4825 1037 4890 praeterea
1057 4820 1298 4882 animadversione
1311 4819 1440 4892 dignum,

15 4907 77 4952 cum
96 4904 228 4975 consiliis,
248 4927 320 4979 quae
341 4913 501 4986 Augustum
519 4910 627 4968 dedisse
646 4907 698 4968 Dic
717 4910 816 4966 auctor
835 4913 886 4978 est,
907 4930 1019 4983 prorsus
1038 4927 1200 4987 congruere,
1221 4910 1296 4980 quod
1311 4908 1440 4965 Tiberius

16 4986 89 5054 apud
106 4991 235 5052 Tacitum
253 5001 398 5061 senatores
417 5001 597 5069 dehortatur,
625 5017 659 5056 ue
676 5001 705 5056 iu
724 5000 827 5056 orbitate
852 5004 890 5055 tot
910 5003 1063 5062 inlustribus
1080 5006 1146 5062 circs
1166 5001 1280 5059 annau
1299 5002 1337 5061 ud
1356 5017 1441 5060 uncum

16 5077 104 5141 omerio
118 5083 263 5161 dffenent,
279 5093 375 5168 plures
384 5097 502 5173 facilius
519 5094 612 5159 munic
629 5092 673 5155 rei
683 5091 809 5170 pullione
826 5093 934 5158 coculis
951 5097 1084 5160 tutoribus
1102 5102 1278 5158 executuros.

1106 5215 1153 5292 lit
