3384 5510
742 296 784 373 15

50 480 172 545 strenue
193 478 319 544 secutus
341 495 465 546 summa
487 483 518 546 et
540 475 604 546 lide
625 482 658 544 et
688 497 766 545 cura
798 475 924 544 titulum
946 474 990 545 ad
1010 472 1152 564 lapidem
1174 467 1356 540 delineavit.
1400 465 1468 539 Nec

51 580 155 648 debita
176 580 272 649 laude
293 582 492 651 fraudandus
514 583 659 670 Napoleo
681 582 741 669 III,
772 580 939 649 Gallorum
960 589 1028 649 tum
1049 581 1235 667 imperator,
1270 577 1360 664 cujus
1377 575 1471 662 jussu

51 687 268 754 liberalissime
288 688 434 756 instructi
452 688 500 754 illi
523 687 685 755 Galatiam
709 692 741 752 et
763 685 949 772 Bithyniam
970 689 1238 773 peragraverunt:
1267 701 1371 766 neque
1393 681 1473 749 obli·

32 799 100 882 ·tus
121 799 168 859 est
188 793 403 862 Mommsenus
431 813 624 882 propensam
653 792 737 858 hane
758 791 793 858 in
815 792 973 858 bonarum
1001 792 1178 859 litterarum
1201 786 1307 854 studia
1328 786 1475 853 volunta-

53 903 114 964 tem
136 898 308 985 praeconio
332 920 455 986 ornare,
478 899 536 966 sed
557 905 592 965 ut
614 897 695 966 solet
715 896 821 964 landis
843 897 1013 965 materiam
1034 898 1077 964 ab
1100 896 1234 962 aliorum
1247 891 1476 958 obtrectatione

50 1007 165 1089 petere,
186 1002 362 1091 praedicat,
394 1002 478 1089 quod
503 1002 672 1069 Gallorum
693 1001 867 1088 imperator
886 1000 923 1067 id
944 1000 1029 1086 quod
1051 1006 1098 1067 tot
1119 1019 1231 1083 regum
1253 997 1476 1082 generationes

50 1112 104 1172 aut
124 1106 308 1192 ignorantia
330 1129 389 1177 sua
411 1115 467 1176 aut
487 1109 612 1176 iucuria
634 1108 741 1175 facere
764 1107 974 1195 neglexerint,
998 1108 1033 1174 in
1054 1126 1089 1174 se
1111 1103 1275 1189 receperit.
1318 1101 1476 1186 Equidem

51 1211 143 1278 eredo
159 1233 224 1299 eos,
247 1234 380 1299 quorum
404 1215 528 1282 animos
543 1215 626 1299 regii
648 1214 785 1280 nominis
807 1214 915 1280 odium
930 1234 995 1280 non
1010 1213 1107 1300 plane
1129 1208 1357 1294 occaecaverit,
1379 1208 1476 1275 valde

13 1373 14 1382 ,
51 1315 167 1402 mirari,
191 1317 277 1401 quod
298 1320 383 1386 hanc
404 1319 533 1387 larrdem
555 1319 618 1388 sibi
635 1319 777 1407 praeripi
794 1337 893 1406 passa
907 1318 949 1384 sit
966 1316 1133 1384 academia
1145 1312 1370 1400 Berolinensis,
1393 1334 1476 1399 quae

13 1465 14 1506 ,
49 1439 160 1505 regum
187 1430 367 1491 nostrorum
400 1425 522 1510 insigni
553 1425 772 1491 munificentia
802 1424 979 1511 opitulante
1007 1422 1170 1490 titulorum
1198 1421 1370 1488 latinorum
1398 1441 1477 1508 pan·

13 1584 15 1592 ,
51 1527 169 1615 deotas,
192 1549 273 1617 opus
296 1531 522 1616 gravissimum
542 1551 581 1597 ao
603 1529 658 1596 diu
678 1530 873 1614 multumque
896 1529 1079 1617 expetitum,
1108 1528 1287 1595 inchoavit:
1323 1547 1398 1593 nam
1420 1527 1477 1593 ubi

13 1691 16 1700 .
51 1635 199 1718 apparuit
219 1635 436 1703 Mordtmanni
465 1656 596 1722 operam
626 1657 691 1702 non
720 1634 799 1702 satis
827 1635 955 1722 facere,
996 1634 1164 1721 oportebat
1193 1633 1342 1700 continuo
1372 1633 1478 1719 ipsum
1534 1705 1538 1712 ,

13 1795 16 1806 .
49 1737 277 1806 Mommsenum
299 1747 355 1808 aut
377 1740 475 1807 alium
499 1741 604 1828 operis
627 1739 847 1807 admimstrum
869 1740 1033 1826 Ancyram
1056 1738 1165 1826 adire,
1196 1745 1232 1806 ut
1260 1737 1478 1805 authenticum

13 1885 16 1928 ,
49 1844 229 1930 exemplum
250 1845 345 1932 hujus
367 1847 572 1932 monumenti,
595 1845 680 1930 quod
701 1846 785 1912 inter
806 1846 924 1912 latinas
938 1846 1161 1933 inscriptiones
1183 1844 1280 1911 facile
1301 1843 1478 1931 prinoipem

13 1991 16 2032 ,
48 1947 151 2016 locum
174 1951 306 2037 obtinet,
329 1951 460 2019 tandem
483 1950 655 2036 aliquando
678 1950 950 2018 nanciscerentur.

13 2113 16 2120 .
135 2054 255 2122 Gracci
284 2055 369 2122 tituli
401 2056 553 2140 reliquias
576 2076 648 2122 cum
665 2055 736 2142 jam
758 2055 949 2122 Tournefort
979 2061 1010 2122 et
1031 2057 1136 2122 Lucas
1166 2053 1478 2144 animadvertissent,

13 2201 17 2248 3
47 2158 166 2246 primus
189 2160 370 2228 Pocockius
392 2160 583 2246 particulam
613 2160 797 2246 descripsit,
830 2160 889 2227 sed
917 2160 977 2227 hoc
1007 2159 1133 2226 demum
1163 2161 1292 2228 saeculo
1320 2161 1479 2246 integram

13 2309 17 2354 Ε
47 2265 280 2352 propemodum
301 2266 541 2353 inscriptionem
563 2285 581 2332 e
602 2265 744 2332 tenebris
766 2266 799 2332 in
822 2266 925 2332 lucem
947 2266 1144 2351 protulerunt
1159 2266 1325 2334 Hamilton
1347 2287 1376 2333 a.
1390 2268 1476 2334 1836

13 2417 18 2460 ,
48 2375 80 2436 et
102 2371 215 2440 Perrot
239 2392 269 2438 a.
293 2373 386 2439 1861.
429 2372 477 2439 Ac
498 2371 706 2458 posteriorem
729 2371 859 2455 quidem
880 2377 1005 2458 partem
1027 2371 1139 2460 (pagg.
1160 2370 1333 2460 X-XIX)
1355 2371 1478 2438 Hamil·

13 2527 19 2570 ,
47 2482 121 2544 tono
145 2483 316 2565 acceptam
337 2476 514 2564 referimus,
535 2477 599 2543 nisi
621 2476 706 2560 quod
727 2477 866 2562 paginas
879 2479 922 2563 X,
942 2477 1000 2564 XI,
1021 2478 1097 2565 XII,
1119 2478 1202 2544 XIII
1222 2479 1337 2545 iterum
1359 2477 1479 2544 exami-

13 2633 18 2676 ,
48 2584 138 2651 navit
159 2585 282 2670 Perrot,
304 2584 444 2670 paginas
465 2583 578 2650 XVIII
601 2588 633 2648 et
646 2583 728 2648 XIX
749 2585 848 2650 etiam
868 2583 1110 2652 Mordtmamms
1133 2584 1317 2671 descripsit3
1339 2582 1479 2672 priorem

13 2735 19 2782 ,
46 2696 171 2776 partem
195 2688 287 2778 (pag.
309 2689 462 2776 I—VIII)
485 2688 596 2755 Perrot
618 2688 709 2774 eruit,
741 2687 789 2754 ita
811 2693 846 2754 ut
866 2708 933 2754 nna
963 2693 1088 2754 tantum
1115 2689 1237 2775 pagina
1268 2689 1344 2778 (IX)
1375 2687 1481 2755 adhuc

13 2835 18 2889 ,
49 2795 270 2883 delitescat1).
313 2794 454 2862 Alterius
477 2793 615 2880 exempli
638 2792 775 2879 Graeci,
810 2794 895 2878 quod
916 2793 977 2860 fuit
998 2794 1206 2883 Apolloniae,
1238 2802 1350 2862 tenues
1372 2813 1491 2884 supcr-¹

13 2947 19 2995 t
47 2907 121 2968 sunt
148 2900 321 2986 reliquiae,
356 2919 436 2984 quas
457 2898 612 2965 Arundell
640 2899 814 2966 Britannus
847 2921 877 2966 a.
901 2901 986 2967 1839
1014 2899 1199 2985 indagavit:
1231 2902 1374 2990 paginae
1404 2902 1481 2969 olim

13 3059 18 3101 ,
50 3012 143 3074 erant
165 3005 240 3091 VII,
263 3003 358 3072 hodie
381 3025 504 3072 summa
527 3009 651 3070 tantum
673 3023 749 3090 pars
771 3004 964 3091 paginarum
984 3005 1027 3072 II.
1048 3006 1108 3071 ΙΙΙ.
1129 3007 1184 3073 IV.
1206 3012 1238 3074 et
1259 3008 1288 3073 V
1310 3012 1409 3074 extat.

13 3165 20 3210 3
136 3114 267 3180 Graeca
290 3110 371 3177 haec
392 3111 626 3198 interpretatio,
661 3131 743 3195 qnae
764 3113 929 3196 aliquanto
951 3112 1055 3178 minus
1077 3112 1259 3179 detrimenti
1280 3113 1365 3200 cepit
1385 3134 1481 3198 quam

50 3219 272 3306 archetypon,
306 3218 476 3305 plurimum
505 3219 628 3286 confert
657 3218 700 3284 ad
721 3219 855 3286 latinum
884 3219 1064 3305 exemplum
1085 3218 1384 3305 redintegrandum:
1419 3242 1481 3305 quo

13 3379 20 3419 ,
53 3327 199 3395 subsidio
223 3345 296 3391 oum
317 3325 439 3411 priores
461 3330 614 3410 carerent,
636 3325 801 3411 permultis
817 3325 909 3393 'locis
931 3325 1124 3392 emendandi
1145 3332 1176 3392 et
1198 3325 1369 3412 supplendi
1390 3327 1482 3394 labor

13 3433 19 3533 ',
51 3435 162 3502 irritus
184 3432 256 3499 fuit.
299 3429 347 3496 Ac
367 3449 452 3495 nnnc
474 3427 601 3495 demum
621 3430 761 3498 indicem
788 3432 917 3519 planum
939 3433 1213 3520 recuperavimus:
1244 3453 1320 3498 nam
1352 3432 1408 3498 ubi
1436 3433 1482 3501 la-

13 3578 19 3642 ,
50 3543 121 3610 tina
143 3539 274 3629 penitus
297 3535 478 3604 oblitterata
501 3541 584 3623 sunt,
616 3538 704 3604 velut
724 3539 750 3625 I,
772 3539 911 3625 31-46,
945 3538 1081 3623 aliisque
1111 3539 1209 3627 locis,
1249 3538 1330 3605 haec
1353 3537 1481 3624 jactura

13 3703 19 3751 ,
49 3641 170 3734 graeco
194 3642 342 3730 exemplo
366 3648 608 3729 compensatur:
639 3644 696 3710 ubi
718 3664 853 3728 graecus
876 3644 985 3711 titulus
1008 3644 1085 3732 hiat,
1107 3644 1195 3712 velut
1215 3639 1274 3731 ΠΙ,
1296 3643 1426 3710 26-42
1449 3651 1481 3711 et

13 3809 19 3842 ,
48 3753 185 3842 passIm,
208 3750 310 3816 latina
330 3749 397 3815 fere
418 3747 545 3832 integra
567 3755 696 3815 servata
718 3757 800 3817 sunt.

13 3897 19 3964 ,
47 3893 365 3914 ...................

125 3975 154 4048 1)
174 3971 310 4044 Singulae
328 3968 450 4042 paginae
469 3970 536 4027 sunt
551 3985 683 4027 vennam
702 3967 795 4027 XXIII
812 3969 860 4043 vel
876 3967 977 4038 XXIV,
994 3988 1050 4027 una
1063 3968 1112 4042 (V)
1124 3969 1237 4026 tantum
1256 3967 1335 4026 XXII
1353 3969 1484 4039 exhibet:

13 4131 20 4166 ,¹
50 4065 200 4125 eremana
218 4063 249 4119 in
267 4060 386 4134 singulis
404 4061 530 4118 versibus
548 4061 606 4119 fere
625 4080 643 4118 a
659 4061 775 4118 tricenis
793 4062 829 4118 ad
849 4061 1031 4134 quadragena
1048 4060 1211 4117 ascendunt.

13 4237 19 4286 l
