3384 5510
747 305 768 388 1

15 484 121 558 Livia
146 495 183 560 et
207 490 366 561 11441144
393 511 454 562 sua
479 491 515 561 ut
535 490 661 564 ridetur
696 493 841 584 impensa
867 490 1102 564 aedificandum
1135 490 1359 577 susceperunt:
1393 505 1474 576 opus

14 597 267 684 imperfectum
289 601 439 686 Caligula
459 599 587 668 demum
608 603 747 672 absolvit
768 609 800 670 et
821 603 983 672 dedicavit
996 601 1039 691 ¹):
1071 619 1148 666 nam
1169 594 1321 666 Suetonio
1343 599 1375 661 et
1398 594 1476 663 Oas-

15 706 68 771 414
94 705 209 772 Dioni
239 706 346 793 major
375 705 526 775 habenda
556 706 653 794 fides,
690 729 786 794 quam
815 709 928 776 Tacito
946 708 982 797 ⁹),
1015 706 1070 792 qui
1097 701 1272 792 perfecisse
1301 699 1475 786 Tiberium,

17 809 81 877 sed
105 810 185 877 sive
210 811 403 878 ambitionis
425 817 585 877 contemtu
606 812 676 880 sive
697 834 755 899 per
777 819 973 881 senectutem
993 811 1105 898 templi
1124 807 1358 876 dedicationem
1379 805 1476 873 inter-

17 917 158 984 misisse
197 923 317 984 auctor
338 922 403 984 est.
454 917 525 983 Hoc
554 915 720 985 delubrum
748 920 897 988 incendio
930 918 1113 986 Neroniano
1143 915 1348 999 absumptum
1363 907 1389 998 ³)
1411 910 1476 977 Do·

16 1023 210 1090 mitianum
234 1023 414 1090 restituisse
435 1027 624 1106 argumento
656 1033 729 1090 sunt
750 1025 882 1092 tabulae
911 1024 1066 1106 honestae
1088 1019 1269 1104 missionis,
1307 1015 1475 1101 4444114-

16 1132 169 1198 mitiano
203 1131 389 1217 imperante
419 1134 451 1196 et
471 1133 584 1215 postea
606 1127 713 1196 factae
741 1136 832 1216 sunt3
870 1130 917 1196 ibi
939 1129 1023 1196 enim
1052 1125 1182 1211 saepius
1211 1123 1348 1209 legimus
1377 1121 1476 1204 fixam

19 1259 99 1306 esse
123 1238 286 1306 tabulam
308 1237 343 1302 iu
366 1254 456 1300 muro
474 1240 552 1316 post
570 1236 723 1318 templum
746 1237 966 1322 dioiAapusti
988 1233 1032 1300 ad
1053 1233 1253 1312 Minervam,
1276 1228 1362 1298 unde
1380 1227 1478 1296 etiam

20 1345 191 1431 deloco,
227 1363 291 1428 quo
313 1340 464 1427 templum
487 1338 648 1406 conditum
669 1340 739 1426 fuit,
766 1340 983 1428 conjecturam
1006 1357 1122 1425 capere
1143 1334 1267 1424 114444).
1310 1335 1393 1401 Item
1414 1325 1477 1404 Noss

19 1451 78 1518 lae
103 1449 245 1536 domus,
272 1449 308 1514 in
330 1465 393 1533 qna
415 1465 597 1533 supremum
619 1445 704 1514 diem
725 1448 890 1532 Augustus
913 1445 1001 1532 obiit,
1023 1443 1142 1531 templo
1165 1442 1270 1530 cessit,
1300 1439 1387 1528 quod
1407 1441 1478 1528 ipse

20 1557 189 1626 Tiberius
214 1551 428 1641 dedicavitl).
649 1637 653 1644 ι

118 1665 247 1749 Neque
268 1657 513 1748 provincialium
534 1657 641 1726 studia
662 1659 931 1744 refrigescebant3
953 1656 1064 1745 primis
1081 1659 1115 1722 ut
1130 1653 1257 1744 videtur
1271 1650 1425 1738 Hispanis
1448 1671 1478 1718 a.

23 1773 95 1839 ’168
119 1767 317 1857 petentibus
340 1770 374 1831 ut
396 1766 580 1832 Tarracone
601 1763 746 1848 Augusto
768 1763 921 1851 templum
943 1766 1158 1831 exstrueretur
1178 1758 1386 1847 permissum,
1421 1756 1478 1824 dc·

25 1884 168 1961 tumque
194 1880 233 1941 ut
254 1872 386 1940 Tacitus
410 1869 506 1958 (Anu.
528 1871 554 1956 Ι,
577 1869 633 1957 19)
656 1876 767 1938 444441
789 1877 837 1938 est
859 1871 894 1938 14
916 1889 1023 1938 omncs
1037 1867 1229 1952 prouincias
1251 1857 1478 1951 4444414141).

23 1984 80 2050 Ι14
116 1983 228 2050 etiam
264 1978 430 2064 Ancyrani
464 1983 537 2064 post
565 1977 703 2064 Augusti
736 1979 863 2046 demum
902 1983 1036 2044 mortem
1071 1997 1092 2043 a
1122 1972 1252 2042 Tiberio
1285 1971 1477 2059 imperatore

25 2090 308 2176 impetraverunt,
331 2089 366 2150 nt
386 2084 497 2152 liceret
514 2084 713 2170 Augusteum
735 2083 953 2173 (Σεβαστετον)
976 2089 1139 2151 exstruere
1153 2086 1185 2150 et
1197 2084 1364 2171 praeterea
1386 2076 1479 2146 ludos

28 2197 205 2264 solemnes
238 2191 421 2276 celebrare,
458 2189 492 2256 id
523 2190 609 2276 quod
637 2191 803 2258 verissime
824 2192 1039 2258 Mommsenus
1066 2210 1097 2275 p.
1120 2187 1166 2253 VI
1189 2182 1352 2253 contendit
1369 2183 1414 2272 ⁷);
1447 2188 1479 2252 et

29 2300 189 2390 ejusdem
213 2297 331 2364 aetatis
354 2295 415 2366 fuir
435 2295 711 2384 Apolloniensium
733 2297 841 2385 aedes,
863 2303 898 2364 ut
920 2294 1076 2381 reliquiae
1098 2291 1192 2379 tituli,
1215 2291 1271 2378 qui
1291 2289 1403 2378 templi
1424 2287 1477 2357 de·

110 2543 149 2620 1)’
162 2549 255 2604 Locos
281 2543 433 2616 adscripsit
457 2544 570 2601 Bekker
587 2543 655 2600 Ant.
673 2545 753 2601 Rom.
772 2545 795 2600 I.
813 2544 881 2613 430,
910 2543 1100 2616 quiquidem
1123 2559 1180 2599 non
1198 2539 1279 2612 [recte
1302 2537 1437 2597 sacellum
1462 2556 1480 2595 a

32 2637 120 2697 Livia
141 2637 343 2696 consecratum
362 2653 379 2692 a
397 2634 507 2693 Tiberii
524 2653 608 2709 opere
626 2633 858 2707 distinguendum
883 2651 942 2692 esse
961 2635 1071 2701 censet,
1090 2631 1137 2690 cui
1155 2628 1283 2704 opinioni
1301 2645 1413 2702 prorsus
1431 2627 1479 2684 ad-

32 2733 174 2789 versatur
193 2729 249 2786 Dio
268 2728 297 2785 O.
316 2726 387 2794 uvi,
405 2726 450 2782 46.
1437 2706 1441 2721 ’

111 2823 144 2894 2)
164 2823 236 2878 Τ44.
254 2817 328 2874 Anu.
345 2817 394 2884 VI,
414 2817 457 2874 54.

113 2913 145 2984 3)
166 2908 280 2967 Plinius
297 2908 333 2962 H.
351 2906 387 2962 N.
405 2905 468 2967 xil.
486 2904 530 2960 94.
1287 2975 1289 2978 Ι

113 3006 143 3076 4)
165 2996 503 3070 cf.Pre11errtegronen
524 3013 551 3070 p.
572 2995 632 3054 150.
670 2996 763 3055 Situm
781 2997 882 3070 templi
900 2995 988 3055 etiam
1007 2995 1122 3056 Suetou.
1142 2994 1201 3056 cal.
1222 2992 1394 3052 44141441.

113 3095 144 3168 5)
165 3095 282 3152 Sueton.
302 3091 363 3146 Tib.
382 3089 426 3146 40.
446 3088 500 3144 Dic
519 3087 548 3144 0.
567 3089 664 3156 XLVI,
683 3090 727 3146 46.

113 3186 144 3258 6)
166 3180 354 3241 Η144Ν1441.
374 3180 502 3236 Damaso.
521 3177 552 3234 in
571 3177 632 3250 ipso
650 3180 765 3236 exordio
784 3179 861 3238 ritae
881 3180 1038 3248 Octaviani,
1060 3198 1145 3250 quam
1163 3175 1298 3234 contiuno
1317 3175 1382 3245 post
1399 3172 1491 3246 prin·

38 3273 113 3346 cipis
132 3275 247 3332 exitum
266 3268 425 3342 composuit
444 3268 602 3339 (1444114
622 3273 699 3330 ναοῖς
711 3288 734 3324 κε
747 3269 794 3324 καὶ
805 3273 914 3333 doniors
931 3273 1114 3343 γεραίρουσιν,
1133 3269 1187 3324 riuti
1207 3286 1231 3322 π
1247 3266 1342 3334 νήσους
1360 3262 1480 3332 satiust·

39 3383 105 3434 ρους
123 3363 287 3438 διῃρημένοι
305 3359 352 3416 seui
369 3355 435 3414 sart
454 3357 609 3420 nitescenti
627 3361 705 3427 ἔθνη,
733 3361 761 3414 τό
780 3379 805 3414 re
822 3361 940 3433 μέγεθος
958 3359 1040 3416 αὐτοῦ
1058 3363 1100 3430 τῆς
1117 3360 1213 3435 ἀρετῆς
1230 3357 1277 3414 καὶ
1295 3356 1340 3424 κῆν
1356 3357 1393 3418 εἰς
1410 3353 1482 3428 σφᾶς

39 3453 202 3528 εὐεργεσίαν
221 3454 406 3526 ἀμειβόμενοι.
442 3449 634 3507 4414417144.
654 3451 732 3508 Caes.
754 3451 782 3506 l:
814 3453 858 3508 uti
874 3453 934 3507 Deo
953 3453 1059 3508 Romae
1081 3453 1277 3528 provinciaeque
1297 3447 1417 3504 44444444
1431 3463 1483 3520 per

40 3546 122 3602 41444
141 3543 404 3602 4414444444
423 3546 579 3613 mortuoque
599 3543 706 3613 templo,
727 3543 878 3599 sacerdotes
897 3549 922 3598 et
940 3544 1050 3616 collegia
1067 3561 1215 3600 sacravere.

118 3638 149 3709 1)
169 3634 303 3693 Frenaius
320 3633 351 3689 in
367 3631 491 3690 editione
510 3649 584 3687 mon.
603 3630 762 3703 Ancyrani,
792 3651 878 3703 quarn
897 3634 1028 3706 Zumptio
1047 3636 1140 3706 operis
1162 3632 1238 3692 socio
1256 3629 1345 3689 ascito
1362 3627 1482 3696 curavit,

42 3739 71 3794 p.
91 3727 110 3782 4
130 3727 230 3784 censet
247 3743 273 3783 a.
292 3726 345 3782 163
363 3724 417 3779 hoo
434 3711 574 3794 templum
590 3720 752 3779 dedicatum
771 3740 838 3791 esse,
856 3723 999 3780 levissimo
1018 3743 1084 3780 usus
1103 3725 1287 3799 argumento,
1303 3719 1391 3792 ,quod
1408 3719 1482 3778 relu-

43 3815 108 3872 4414
127 3816 204 3872 nihil
223 3813 337 3871 attinet.
375 3814 448 3870 Seue
471 3811 495 3867 si
514 3811 641 3884 Scaliger
665 3830 764 3869 rerum
791 3815 935 3871 assecutus
963 3816 1055 3882 esset,
1084 3815 1134 3886 qui
1159 3815 1189 3869 in
1208 3810 1332 3884 Augusti
1359 3809 1482 3882 epistola

45 3905 127 3976 apud
151 3905 307 3976 Josephum
332 3902 399 3959 Ant.
419 3903 493 3970 XVI,
513 3903 574 3968 6,2
598 3903 626 3956 lu
652 3903 832 3975 ἐπισημοτάτῳ
857 3905 928 3976 τόπῳ
954 3905 1089 3976 γενηθέντι
1113 3923 1163 3976 μον
1186 3899 1239 3957 sini
1263 3897 1308 3953 rori
1331 3899 1423 3954 socrui
1441 3899 1483 3968 τῆς

41 3991 132 4058 {enirm
151 3997 180 4050 tr
194 3993 309 4067 ’Λργύρη
328 3992 471 4064 plerisque
490 3992 677 4063 probantibus
695 3993 724 4046 ἐν
739 3991 849 4067 Ἀγκύρη
870 3994 1000 4064 scripsit,
1028 4011 1124 4050 eorum
1143 3989 1293 4056 sententia,
1320 3989 1371 4059 qui
1389 3991 1483 4062 Ancy-

46 4102 151 4142 ranum
170 4085 309 4156 templum
328 4084 365 4140 ad
383 4083 472 4155 ipsius
484 4083 606 4155 Augusti
625 4085 749 4141 aetatem
768 4085 908 4152 referunt,
926 4084 1004 4140 hand
1022 4085 1080 4142 leri
1097 4085 1241 4142 momento
1260 4083 1482 4149 sustentaretur,

49 4178 81 4232 at
99 4178 292 4250 conjecturam
312 4175 425 4232 omnino
444 4173 628 4246 rejiciendam
645 4193 714 4244 esse,
733 4176 861 4247 apparet.
899 4176 1029 4246 Namque
1040 4175 1153 4248 Ancyra
1172 4173 1312 4240 Galatiae,
1331 4173 1482 4229 nonAsiae

49 4267 216 4338 provinciae
229 4266 330 4323 civitas
342 4265 406 4332 fuit,
425 4283 458 4320 ao
470 4267 619 4336 praeterea
632 4267 660 4320 1ν
670 4265 784 4339 Ἀγκύρρ
795 4266 897 4324 Graeci
910 4268 1047 4324 sermonis
1060 4268 1107 4324 lex
1125 4266 1253 4338 flagitat,
1271 4281 1336 4318 nam
1357 4263 1432 4332 quod
1451 4263 1482 4319 in

50 4357 138 4417 titulo
152 4361 182 4416 O.
195 4360 217 4415 Ι.
232 4359 280 4416 Gr.
296 4358 375 4423 4039,
388 4353 424 4409 44
436 4354 572 4410 traditum
585 4357 630 4412 est
640 4359 668 4411 tr
681 4357 952 4431 Ἀγκύρη114144ι44,
972 4359 1024 4414 alii
1035 4357 1145 4430 lapides
1157 4357 1188 4413 et
1200 4352 1309 4411 nummi
1322 4355 1483 4412 constanter

45 4446 172 4522 Ἀγκνρκ
179 4445 214 4506 44
225 4449 369 4522 Ἀγκύρας.
405 4444 493 4500 Recte
512 4444 674 4502 (ilrishnllus
692 4448 744 4505 illa
756 4450 844 4506 rerba
862 4449 899 4505 ad
916 4449 1153 4522 Pergamenorum
1165 4446 1342 4520 Augusteum
1359 4442 1482 4512 rettulit,

54 4541 104 4595 sed
123 4541 200 4612 qnod
217 4542 246 4594 tu
254 4537 395 4611 Περγάμῳ
413 4533 622 4592 restituendum
642 4540 746 4608 censet,
765 4557 783 4596 a
802 4538 933 4596 veritatis
950 4541 1043 4611 specie
1061 4558 1174 4613 prorsus
1192 4536 1339 4603 abhorret;
1358 4533 1483 4608 corrigas

52 4631 149 4702 potius
167 4633 197 4687 ir
213 4625 393 4702 intraprendere
420 4625 494 4698 τύπῳ
518 4627 701 4699 repudiare
725 4649 776 4702 μοι
794 4629 846 4684 tut
865 4629 910 4685 roi
934 4631 1028 4685 κοινοῦ
1045 4631 1086 4699 τῆς
1101 4629 1197 4692 Ἀσίας
1220 4629 1256 4682 1ν
1279 4624 1482 4699 πανηγύρει.

54 4737 120 4775 nam
139 4722 275 4792 γενηθέντι
293 4717 369 4790 qnod
388 4716 474 4788 vulgo
493 4714 613 4786 legitur,
638 4719 768 4788 quamvis
793 4719 907 4792 plebeja
924 4721 995 4778 haec
1013 4721 1104 4780 forma
1120 4721 1175 4778 hoc
1193 4717 1305 4778 4444414
1324 4715 1393 4774 satis
1411 4715 1481 4776 trita

54 4806 155 4875 inerit¹
184 4809 232 4866 hio
250 4808 453 4882 importunum.
491 4805 623 4862 Ceterum
642 4807 672 4864 44
690 4807 769 4866 illius
787 4809 926 4882 epistolae
944 4812 975 4868 et
992 4813 1166 4884 reliquorum
1186 4810 1380 4878 decretorum,
1408 4825 1481 4880 quas

55 4897 140 4958 homo
156 4901 280 4960 Judaeus
298 4897 466 4971 adscripsit,
496 4897 565 4954 fides
583 4915 656 4967 quae
675 4898 727 4969 sit,
755 4899 824 4956 satis
848 4899 989 4958 incertum
1014 4902 1111 4975 (quam
1130 4901 1325 4974 quaestionem
1343 4915 1407 4956 cum
1425 4916 1483 4954 non

56 4986 142 5047 liceat
158 4991 255 5066 paneis
273 4991 427 5059 absolvere,
455 4988 486 5045 in
503 4988 665 5062 praesentia
682 4991 795 5048 missam
813 4991 908 5066 facio),
932 5011 1024 5066 neque
1042 4991 1209 5055 4444411144
1227 4991 1395 5064 argumento
1413 4989 1482 5044 abu-

55 5077 171 5142 tendum
187 5083 227 5143 ad
238 5081 376 5156 scaligeri
393 5080 585 5154 conjecturam
603 5081 861 5142 commendandam.
