<?xml version="1.0" encoding="UTF-8"?>
<!DOCTYPE html PUBLIC "-//W3C//DTD XHTML 1.0 Transitional//EN"
    "http://www.w3.org/TR/xhtml1/DTD/xhtml1-transitional.dtd">
<html xmlns="http://www.w3.org/1999/xhtml" xml:lang="en" lang="en">
 <head>
  <title>
</title>
<meta http-equiv="Content-Type" content="text/html;charset=utf-8" />
  <meta name='ocr-system' content='tesseract 3.04.00' />
  <meta name='ocr-capabilities' content='ocr_page ocr_carea ocr_par ocr_line ocrx_word'/>
</head>
<body>
  <div class='ocr_page' id='page_1' title='image "augustirerumase00berggoog_0078.png"; bbox 0 0 3384 5510; ppageno 0'>
   <div class='ocr_carea' id='block_1_1' title="bbox 728 265 774 336">
    <p class='ocr_par' dir='ltr' id='par_1_1' title="bbox 728 265 774 336">
     <span class='ocr_line' id='line_1_1' title="bbox 728 265 774 336; baseline 0 0"><span class='ocrx_word' id='word_1_1' title='bbox 728 265 774 336; x_wconf 81' lang='grc'>33</span> 
     </span>
    </p>
   </div>
   <div class='ocr_carea' id='block_1_2' title="bbox 36 429 1471 1589">
    <p class='ocr_par' dir='ltr' id='par_1_2' title="bbox 36 429 1471 1589">
     <span class='ocr_line' id='line_1_2' title="bbox 39 429 1469 532; baseline -0.009 -18"><span class='ocrx_word' id='word_1_2' title='bbox 39 445 130 518; x_wconf 88' lang='lat' dir='ltr'>roeis&#39;</span> <span class='ocrx_word' id='word_1_3' title='bbox 147 443 253 515; x_wconf 84' lang='lat' dir='ltr'>VIVO</span> <span class='ocrx_word' id='word_1_4' title='bbox 280 444 483 516; x_wconf 70' lang='lat' dir='ltr'><strong>simulacrum</strong></span> <span class='ocrx_word' id='word_1_5' title='bbox 506 442 670 532; x_wconf 77' lang='lat' dir='ltr'><strong>praebent.</strong></span> <span class='ocrx_word' id='word_1_6' title='bbox 714 440 837 508; x_wconf 79' lang='lat' dir='ltr'><strong>Littera</strong></span> <span class='ocrx_word' id='word_1_7' title='bbox 858 437 876 506; x_wconf 97' lang='lat' dir='ltr'>I</span> <span class='ocrx_word' id='word_1_8' title='bbox 897 431 1126 523; x_wconf 61' lang='lat' dir='ltr'>mandinsenla</span> <span class='ocrx_word' id='word_1_9' title='bbox 1153 431 1252 502; x_wconf 90' lang='lat' dir='ltr'>etiam</span> <span class='ocrx_word' id='word_1_10' title='bbox 1272 429 1307 500; x_wconf 91' lang='lat' dir='ltr'>in</span> <span class='ocrx_word' id='word_1_11' title='bbox 1329 435 1469 518; x_wconf 84' lang='lat' dir='ltr'>cognate</span> 
     </span>
     <span class='ocr_line' id='line_1_3' title="bbox 42 537 1469 639; baseline -0.011 -16"><span class='ocrx_word' id='word_1_12' title='bbox 42 555 202 623; x_wconf 84' lang='lat' dir='ltr'>vocabulo</span> <span class='ocrx_word' id='word_1_13' title='bbox 226 553 421 633; x_wconf 80' lang='lat' dir='ltr'>QVINTVM</span> <span class='ocrx_word' id='word_1_14' title='bbox 451 557 613 639; x_wconf 88' lang='lat' dir='ltr'>comparet</span> <span class='ocrx_word' id='word_1_15' title='bbox 633 572 664 636; x_wconf 84' lang='lat' dir='ltr'>p.</span> <span class='ocrx_word' id='word_1_16' title='bbox 684 549 745 634; x_wconf 95' lang='lat' dir='ltr'>III,</span> <span class='ocrx_word' id='word_1_17' title='bbox 769 549 797 614; x_wconf 92' lang='lat'>1.</span> <span class='ocrx_word' id='word_1_18' title='bbox 853 545 940 614; x_wconf 84' lang='lat' dir='ltr'>Sane</span> <span class='ocrx_word' id='word_1_19' title='bbox 969 543 1030 610; x_wconf 93' lang='lat' dir='ltr'>boe</span> <span class='ocrx_word' id='word_1_20' title='bbox 1058 541 1163 628; x_wconf 92' lang='lat' dir='ltr'>ipsum</span> <span class='ocrx_word' id='word_1_21' title='bbox 1183 537 1375 606; x_wconf 85' lang='lat' dir='ltr'>vocabulum</span> <span class='ocrx_word' id='word_1_22' title='bbox 1398 544 1469 608; x_wconf 87' lang='lat' dir='ltr'>crat</span> 
     </span>
     <span class='ocr_line' id='line_1_4' title="bbox 38 643 1471 746; baseline -0.012 -19"><span class='ocrx_word' id='word_1_23' title='bbox 38 661 84 728; x_wconf 90' lang='lat' dir='ltr'>sie</span> <span class='ocrx_word' id='word_1_24' title='bbox 106 659 375 746; x_wconf 88' lang='lat' dir='ltr'>dispertiendum,</span> <span class='ocrx_word' id='word_1_25' title='bbox 408 657 673 744; x_wconf 81' lang='lat' dir='ltr'><strong>quemadmodum</strong></span> <span class='ocrx_word' id='word_1_26' title='bbox 701 655 761 741; x_wconf 94' lang='grc' dir='ltr'>ΠΙ,</span> <span class='ocrx_word' id='word_1_27' title='bbox 783 655 812 720; x_wconf 80' lang='lat'>2.</span> <span class='ocrx_word' id='word_1_28' title='bbox 835 653 856 718; x_wconf 84' lang='lat'><strong>3</strong></span> <span class='ocrx_word' id='word_1_29' title='bbox 878 644 1223 732; x_wconf 77' lang='lat' dir='ltr'>QVIN-QVENNIVM</span> <span class='ocrx_word' id='word_1_30' title='bbox 1243 644 1377 730; x_wconf 87' lang='lat' dir='ltr'>legitur,</span> <span class='ocrx_word' id='word_1_31' title='bbox 1412 643 1471 712; x_wconf 89' lang='lat' dir='ltr'>sed</span> 
     </span>
     <span class='ocr_line' id='line_1_5' title="bbox 40 749 1469 853; baseline -0.013 -19"><span class='ocrx_word' id='word_1_32' title='bbox 40 768 121 834; x_wconf 88' lang='lat' dir='ltr'>alias</span> <span class='ocrx_word' id='word_1_33' title='bbox 145 787 272 852; x_wconf 87' lang='lat' dir='ltr'>quoque</span> <span class='ocrx_word' id='word_1_34' title='bbox 293 765 388 853; x_wconf 88' lang='lat' dir='ltr'>hujus</span> <span class='ocrx_word' id='word_1_35' title='bbox 410 765 559 833; x_wconf 77' lang='lat' dir='ltr'>licentiae</span> <span class='ocrx_word' id='word_1_36' title='bbox 582 761 729 848; x_wconf 83' lang='lat' dir='ltr'>exempla</span> <span class='ocrx_word' id='word_1_37' title='bbox 751 756 1049 846; x_wconf 88' lang='lat' dir='ltr'>deprehenduntur,</span> <span class='ocrx_word' id='word_1_38' title='bbox 1071 751 1216 820; x_wconf 83' lang='lat' dir='ltr'>velutin</span> <span class='ocrx_word' id='word_1_39' title='bbox 1238 771 1314 818; x_wconf 87' lang='lat' dir='ltr'>aere</span> <span class='ocrx_word' id='word_1_40' title='bbox 1334 749 1469 817; x_wconf 86' lang='lat' dir='ltr'>Malaci-</span> 
     </span>
     <span class='ocr_line' id='line_1_6' title="bbox 41 857 1467 960; baseline -0.012 -20"><span class='ocrx_word' id='word_1_41' title='bbox 41 870 545 960; x_wconf 51' lang='lat' dir='ltr'>suouetaurilibus</span> <span class='ocrx_word' id='word_1_42' title='bbox 570 863 908 953; x_wconf 59' lang='grc'><strong>6716616157</strong></span> <span class='ocrx_word' id='word_1_43' title='bbox 933 857 1467 946; x_wconf 70' lang='lat' dir='ltr'>QV1083nemquodinaere</span> 
     </span>
     <span class='ocr_line' id='line_1_7' title="bbox 38 963 1470 1064; baseline -0.012 -18"><span class='ocrx_word' id='word_1_44' title='bbox 38 979 261 1064; x_wconf 83' lang='lat' dir='ltr'>Salapensano</span> <span class='ocrx_word' id='word_1_45' title='bbox 282 978 309 1062; x_wconf 95' lang='grc' dir='ltr'>Ι,</span> <span class='ocrx_word' id='word_1_46' title='bbox 331 978 373 1042; x_wconf 87' lang='grc'>39</span> <span class='ocrx_word' id='word_1_47' title='bbox 401 977 520 1060; x_wconf 88' lang='lat' dir='ltr'>legitur</span> <span class='ocrx_word' id='word_1_48' title='bbox 541 975 675 1057; x_wconf 78' lang='lat' dir='ltr'>QVINQ</span> <span class='ocrx_word' id='word_1_49' title='bbox 696 973 794 1040; x_wconf 90' lang='lat' dir='ltr'>verbo</span> <span class='ocrx_word' id='word_1_50' title='bbox 816 991 881 1037; x_wconf 91' lang='lat' dir='ltr'>non</span> <span class='ocrx_word' id='word_1_51' title='bbox 902 967 1095 1055; x_wconf 88' lang='lat' dir='ltr'>perscripto,</span> <span class='ocrx_word' id='word_1_52' title='bbox 1125 963 1252 1030; x_wconf 75' lang='lat' dir='ltr'>facilius</span> <span class='ocrx_word' id='word_1_53' title='bbox 1275 963 1373 1030; x_wconf 88' lang='lat' dir='ltr'>ctiam</span> <span class='ocrx_word' id='word_1_54' title='bbox 1395 981 1470 1030; x_wconf 92' lang='lat' dir='ltr'>een·</span> 
     </span>
     <span class='ocr_line' id='line_1_8' title="bbox 39 1069 1466 1168; baseline -0.013 -17"><span class='ocrx_word' id='word_1_55' title='bbox 39 1085 222 1151; x_wconf 86' lang='lat' dir='ltr'>donabitur.</span> <span class='ocrx_word' id='word_1_56' title='bbox 266 1083 409 1150; x_wconf 78' lang='lat' dir='ltr'>Graccus</span> <span class='ocrx_word' id='word_1_57' title='bbox 430 1083 586 1168; x_wconf 78' lang='lat' dir='ltr'>interpres</span> <span class='ocrx_word' id='word_1_58' title='bbox 608 1080 800 1147; x_wconf 84' lang='lat' dir='ltr'>venabulum</span> <span class='ocrx_word' id='word_1_59' title='bbox 823 1075 1078 1161; x_wconf 79' lang='lat' dir='ltr'>quinquennalis,</span> <span class='ocrx_word' id='word_1_60' title='bbox 1103 1070 1189 1156; x_wconf 87' lang='lat' dir='ltr'>quod</span> <span class='ocrx_word' id='word_1_61' title='bbox 1210 1069 1337 1137; x_wconf 89' lang='lat' dir='ltr'>addidit</span> <span class='ocrx_word' id='word_1_62' title='bbox 1357 1069 1466 1153; x_wconf 89' lang='lat' dir='ltr'>Augu-</span> 
     </span>
     <span class='ocr_line' id='line_1_9' title="bbox 36 1176 1469 1274; baseline -0.008 -18"><span class='ocrx_word' id='word_1_63' title='bbox 36 1197 103 1256; x_wconf 91' lang='lat' dir='ltr'>stus</span> <span class='ocrx_word' id='word_1_64' title='bbox 134 1189 247 1256; x_wconf 89' lang='lat' dir='ltr'>sedulo</span> <span class='ocrx_word' id='word_1_65' title='bbox 277 1208 408 1274; x_wconf 88' lang='lat' dir='ltr'>curans,</span> <span class='ocrx_word' id='word_1_66' title='bbox 442 1208 483 1254; x_wconf 91' lang='lat' dir='ltr'>ne</span> <span class='ocrx_word' id='word_1_67' title='bbox 510 1187 610 1254; x_wconf 90' lang='lat' dir='ltr'>oratio</span> <span class='ocrx_word' id='word_1_68' title='bbox 639 1186 833 1252; x_wconf 84' lang='lat' dir='ltr'>obscuritate</span> <span class='ocrx_word' id='word_1_69' title='bbox 863 1183 1026 1249; x_wconf 83' lang='lat' dir='ltr'>laboraret</span> <span class='ocrx_word' id='word_1_70' title='bbox 1040 1178 1076 1268; x_wconf 78' lang='lat'>1),</span> <span class='ocrx_word' id='word_1_71' title='bbox 1108 1177 1207 1264; x_wconf 87' lang='lat' dir='ltr'>plane</span> <span class='ocrx_word' id='word_1_72' title='bbox 1235 1176 1469 1264; x_wconf 79' lang='lat' dir='ltr'>praetermisit3</span> 
     </span>
     <span class='ocr_line' id='line_1_10' title="bbox 36 1283 1468 1378; baseline -0.009 -17"><span class='ocrx_word' id='word_1_73' title='bbox 36 1295 122 1362; x_wconf 88' lang='lat' dir='ltr'>idem</span> <span class='ocrx_word' id='word_1_74' title='bbox 144 1317 217 1362; x_wconf 91' lang='lat' dir='ltr'>eum</span> <span class='ocrx_word' id='word_1_75' title='bbox 238 1315 303 1361; x_wconf 93' lang='lat' dir='ltr'>nen</span> <span class='ocrx_word' id='word_1_76' title='bbox 326 1294 520 1378; x_wconf 86' lang='lat' dir='ltr'>intelligeret</span> <span class='ocrx_word' id='word_1_77' title='bbox 541 1293 696 1358; x_wconf 82' lang='grc'><strong>1661666</strong></span> <span class='ocrx_word' id='word_1_78' title='bbox 719 1290 763 1357; x_wconf 89' lang='lat' dir='ltr'>ad</span> <span class='ocrx_word' id='word_1_79' title='bbox 785 1289 871 1358; x_wconf 90' lang='lat' dir='ltr'>seles</span> <span class='ocrx_word' id='word_1_80' title='bbox 893 1286 1075 1355; x_wconf 88' lang='lat' dir='ltr'>sacerdotes</span> <span class='ocrx_word' id='word_1_81' title='bbox 1096 1283 1266 1372; x_wconf 88' lang='lat' dir='ltr'>pertinere,</span> <span class='ocrx_word' id='word_1_82' title='bbox 1294 1283 1468 1368; x_wconf 71' lang='lat' dir='ltr'>quieuere</span> 
     </span>
     <span class='ocr_line' id='line_1_11' title="bbox 36 1388 1469 1486; baseline -0.006 -21"><span class='ocrx_word' id='word_1_83' title='bbox 36 1403 229 1486; x_wconf 71' lang='grc' dir='ltr'><strong><em>περιτροπῆς</em></strong></span> <span class='ocrx_word' id='word_1_84' title='bbox 259 1406 295 1466; x_wconf 93' lang='lat' dir='ltr'>ut</span> <span class='ocrx_word' id='word_1_85' title='bbox 324 1400 385 1466; x_wconf 93' lang='lat' dir='ltr'>Dio</span> <span class='ocrx_word' id='word_1_86' title='bbox 414 1399 492 1464; x_wconf 91' lang='lat' dir='ltr'>dicit</span> <span class='ocrx_word' id='word_1_87' title='bbox 522 1396 669 1463; x_wconf 88' lang='lat' dir='ltr'>ludorum</span> <span class='ocrx_word' id='word_1_88' title='bbox 698 1416 775 1462; x_wconf 90' lang='lat' dir='ltr'>eura</span> <span class='ocrx_word' id='word_1_89' title='bbox 805 1392 999 1461; x_wconf 88' lang='lat' dir='ltr'>demandata</span> <span class='ocrx_word' id='word_1_90' title='bbox 1029 1391 1107 1477; x_wconf 82' lang='lat' dir='ltr'>tuit,</span> <span class='ocrx_word' id='word_1_91' title='bbox 1143 1388 1187 1456; x_wconf 87' lang='lat' dir='ltr'>ad</span> <span class='ocrx_word' id='word_1_92' title='bbox 1214 1388 1469 1457; x_wconf 88' lang='lat' dir='ltr'>vicissitudinem</span> 
     </span>
     <span class='ocr_line' id='line_1_12' title="bbox 36 1487 1469 1589; baseline -0.01 -16"><span class='ocrx_word' id='word_1_93' title='bbox 36 1509 202 1574; x_wconf 88' lang='lat' dir='ltr'>consulum</span> <span class='ocrx_word' id='word_1_94' title='bbox 228 1513 260 1576; x_wconf 91' lang='lat' dir='ltr'>et</span> <span class='ocrx_word' id='word_1_95' title='bbox 288 1487 490 1574; x_wconf 83' lang='lat' dir='ltr'>sacerdotum</span> <span class='ocrx_word' id='word_1_96' title='bbox 517 1503 638 1570; x_wconf 89' lang='lat' dir='ltr'>rettulit</span> <span class='ocrx_word' id='word_1_97' title='bbox 663 1521 703 1568; x_wconf 89' lang='lat' dir='ltr'>ae</span> <span class='ocrx_word' id='word_1_98' title='bbox 730 1501 809 1568; x_wconf 90' lang='lat' dir='ltr'>satis</span> <span class='ocrx_word' id='word_1_99' title='bbox 839 1501 1026 1589; x_wconf 83' lang='lat' dir='ltr'>inprospere</span> <span class='ocrx_word' id='word_1_100' title='bbox 1056 1495 1123 1561; x_wconf 83' lang='grc'><strong>6166</strong></span> <span class='ocrx_word' id='word_1_101' title='bbox 1150 1496 1240 1578; x_wconf 76' lang='lat' dir='ltr'>pir.</span> <span class='ocrx_word' id='word_1_102' title='bbox 1264 1497 1398 1559; x_wconf 81' lang='grc'><strong>..6166</strong></span> <span class='ocrx_word' id='word_1_103' title='bbox 1431 1493 1469 1558; x_wconf 75' lang='lat' dir='ltr'>dt</span> 
     </span>
    </p>
   </div>
   <div class='ocr_carea' id='block_1_3' title="bbox 36 1613 139 1682">
    <p class='ocr_par' dir='ltr' id='par_1_3' title="bbox 36 1613 139 1682">
     <span class='ocr_line' id='line_1_13' title="bbox 36 1613 139 1682; baseline 0.01 -1"><span class='ocrx_word' id='word_1_104' title='bbox 36 1613 139 1682; x_wconf 83' lang='lat' dir='ltr'>uertit.</span> 
     </span>
    </p>
   </div>
   <div class='ocr_carea' id='block_1_4' title="bbox 36 1739 1468 3828">
    <p class='ocr_par' dir='ltr' id='par_1_4' title="bbox 36 1739 1468 3828">
     <span class='ocr_line' id='line_1_14' title="bbox 121 1739 1465 1832; baseline -0.004 -17"><span class='ocrx_word' id='word_1_105' title='bbox 121 1747 207 1815; x_wconf 92' lang='lat' dir='ltr'>Vota</span> <span class='ocrx_word' id='word_1_106' title='bbox 236 1747 318 1814; x_wconf 89' lang='lat' dir='ltr'>haee</span> <span class='ocrx_word' id='word_1_107' title='bbox 347 1766 405 1832; x_wconf 93' lang='lat' dir='ltr'>pre</span> <span class='ocrx_word' id='word_1_108' title='bbox 428 1744 531 1811; x_wconf 89' lang='lat' dir='ltr'>salute</span> <span class='ocrx_word' id='word_1_109' title='bbox 551 1743 691 1830; x_wconf 83' lang='lat' dir='ltr'>Augusti</span> <span class='ocrx_word' id='word_1_110' title='bbox 719 1748 755 1809; x_wconf 92' lang='lat' dir='ltr'>ut</span> <span class='ocrx_word' id='word_1_111' title='bbox 784 1762 845 1829; x_wconf 88' lang='lat' dir='ltr'>par</span> <span class='ocrx_word' id='word_1_112' title='bbox 867 1745 915 1808; x_wconf 89' lang='lat' dir='ltr'>cst</span> <span class='ocrx_word' id='word_1_113' title='bbox 944 1739 1054 1826; x_wconf 92' lang='lat' dir='ltr'>quinte</span> <span class='ocrx_word' id='word_1_114' title='bbox 1085 1759 1209 1825; x_wconf 89' lang='lat' dir='ltr'>quoque</span> <span class='ocrx_word' id='word_1_115' title='bbox 1238 1759 1324 1807; x_wconf 91' lang='lat' dir='ltr'>anno</span> <span class='ocrx_word' id='word_1_116' title='bbox 1346 1739 1465 1808; x_wconf 89' lang='lat' dir='ltr'>iterata</span> 
     </span>
     <span class='ocr_line' id='line_1_15' title="bbox 37 1844 1468 1939; baseline -0.005 -20"><span class='ocrx_word' id='word_1_117' title='bbox 37 1858 118 1939; x_wconf 86' lang='lat' dir='ltr'>sunt,</span> <span class='ocrx_word' id='word_1_118' title='bbox 141 1852 200 1920; x_wconf 89' lang='lat' dir='ltr'>sed</span> <span class='ocrx_word' id='word_1_119' title='bbox 220 1851 313 1918; x_wconf 89' lang='lat' dir='ltr'>ludos</span> <span class='ocrx_word' id='word_1_120' title='bbox 336 1849 526 1936; x_wconf 87' lang='lat' dir='ltr'>quandoque</span> <span class='ocrx_word' id='word_1_121' title='bbox 547 1849 745 1916; x_wconf 90' lang='lat' dir='ltr'>intermissos</span> <span class='ocrx_word' id='word_1_122' title='bbox 767 1867 838 1914; x_wconf 89' lang='lat' dir='ltr'>esse</span> <span class='ocrx_word' id='word_1_123' title='bbox 859 1845 978 1914; x_wconf 88' lang='lat' dir='ltr'>indicio</span> <span class='ocrx_word' id='word_1_124' title='bbox 993 1851 1041 1912; x_wconf 89' lang='lat' dir='ltr'>est</span> <span class='ocrx_word' id='word_1_125' title='bbox 1056 1844 1218 1932; x_wconf 89' lang='lat' dir='ltr'>adjectum</span> <span class='ocrx_word' id='word_1_126' title='bbox 1238 1865 1335 1930; x_wconf 83' lang='lat' dir='ltr'>saepe</span> <span class='ocrx_word' id='word_1_127' title='bbox 1358 1845 1468 1936; x_wconf 82' lang='grc'><strong>(616-</strong></span> 
     </span>
     <span class='ocr_line' id='line_1_16' title="bbox 37 1951 1468 2044; baseline -0.001 -24"><span class='ocrx_word' id='word_1_128' title='bbox 37 1957 166 2044; x_wconf 75' lang='lat' dir='ltr'>arduae),</span> <span class='ocrx_word' id='word_1_129' title='bbox 198 1957 293 2023; x_wconf 88' lang='lat' dir='ltr'>oredo</span> <span class='ocrx_word' id='word_1_130' title='bbox 324 1956 408 2040; x_wconf 91' lang='lat' dir='ltr'>qued</span> <span class='ocrx_word' id='word_1_131' title='bbox 429 1976 522 2022; x_wconf 93' lang='lat' dir='ltr'>nemo</span> <span class='ocrx_word' id='word_1_132' title='bbox 551 1961 695 2042; x_wconf 87' lang='lat' dir='ltr'>repertus</span> <span class='ocrx_word' id='word_1_133' title='bbox 717 1958 782 2039; x_wconf 89' lang='lat' dir='ltr'>cst,</span> <span class='ocrx_word' id='word_1_134' title='bbox 816 1953 870 2036; x_wconf 89' lang='lat' dir='ltr'>qui</span> <span class='ocrx_word' id='word_1_135' title='bbox 893 1951 1049 2036; x_wconf 89' lang='lat' dir='ltr'>grandem</span> <span class='ocrx_word' id='word_1_136' title='bbox 1069 1951 1249 2037; x_wconf 90' lang='lat' dir='ltr'>impensam</span> <span class='ocrx_word' id='word_1_137' title='bbox 1270 1951 1306 2020; x_wconf 92' lang='lat' dir='ltr'>in</span> <span class='ocrx_word' id='word_1_138' title='bbox 1327 1971 1362 2020; x_wconf 92' lang='lat' dir='ltr'>se</span> <span class='ocrx_word' id='word_1_139' title='bbox 1383 1951 1468 2020; x_wconf 85' lang='lat' dir='ltr'>reei-</span> 
     </span>
     <span class='ocr_line' id='line_1_17' title="bbox 36 2056 1461 2149; baseline -0.002 -21"><span class='ocrx_word' id='word_1_140' title='bbox 36 2068 133 2149; x_wconf 87' lang='lat' dir='ltr'>pcret.</span> <span class='ocrx_word' id='word_1_141' title='bbox 176 2061 286 2129; x_wconf 91' lang='lat' dir='ltr'>Ludos</span> <span class='ocrx_word' id='word_1_142' title='bbox 315 2059 374 2128; x_wconf 91' lang='lat' dir='ltr'>hes</span> <span class='ocrx_word' id='word_1_143' title='bbox 406 2061 531 2128; x_wconf 89' lang='lat' dir='ltr'>votivos</span> <span class='ocrx_word' id='word_1_144' title='bbox 560 2061 696 2147; x_wconf 90' lang='lat' dir='ltr'>primum</span> <span class='ocrx_word' id='word_1_145' title='bbox 728 2080 758 2128; x_wconf 88' lang='lat' dir='ltr'>a.</span> <span class='ocrx_word' id='word_1_146' title='bbox 783 2059 846 2124; x_wconf 84' lang='grc'>726</span> <span class='ocrx_word' id='word_1_147' title='bbox 877 2057 1045 2125; x_wconf 89' lang='lat' dir='ltr'>ediderunt</span> <span class='ocrx_word' id='word_1_148' title='bbox 1066 2056 1231 2142; x_wconf 88' lang='lat' dir='ltr'>Augustus</span> <span class='ocrx_word' id='word_1_149' title='bbox 1260 2061 1293 2126; x_wconf 91' lang='lat' dir='ltr'>et</span> <span class='ocrx_word' id='word_1_150' title='bbox 1311 2057 1461 2146; x_wconf 82' lang='lat' dir='ltr'>Agrippa</span> 
     </span>
     <span class='ocr_line' id='line_1_18' title="bbox 38 2161 1468 2254; baseline -0.001 -21"><span class='ocrx_word' id='word_1_151' title='bbox 38 2167 182 2235; x_wconf 92' lang='lat' dir='ltr'>eonsules</span> <span class='ocrx_word' id='word_1_152' title='bbox 205 2166 275 2254; x_wconf 90' lang='lat' dir='ltr'>ejus</span> <span class='ocrx_word' id='word_1_153' title='bbox 296 2165 374 2233; x_wconf 93' lang='lat' dir='ltr'>anni</span> <span class='ocrx_word' id='word_1_154' title='bbox 403 2165 479 2252; x_wconf 91' lang='lat' dir='ltr'>(Die</span> <span class='ocrx_word' id='word_1_155' title='bbox 503 2165 538 2232; x_wconf 81' lang='lat' dir='ltr'>O.</span> <span class='ocrx_word' id='word_1_156' title='bbox 559 2166 646 2252; x_wconf 91' lang='lat' dir='ltr'>LIII,</span> <span class='ocrx_word' id='word_1_157' title='bbox 671 2164 715 2250; x_wconf 90' lang='grc'>1),</span> <span class='ocrx_word' id='word_1_158' title='bbox 751 2169 912 2252; x_wconf 86' lang='lat' dir='ltr'>sumptum</span> <span class='ocrx_word' id='word_1_159' title='bbox 932 2169 1063 2230; x_wconf 89' lang='lat' dir='ltr'>senatus</span> <span class='ocrx_word' id='word_1_160' title='bbox 1086 2168 1118 2230; x_wconf 91' lang='lat' dir='ltr'>et</span> <span class='ocrx_word' id='word_1_161' title='bbox 1139 2161 1287 2250; x_wconf 82' lang='lat' dir='ltr'>Agrippa</span> <span class='ocrx_word' id='word_1_162' title='bbox 1314 2162 1468 2232; x_wconf 87' lang='lat' dir='ltr'>videntur</span> 
     </span>
     <span class='ocr_line' id='line_1_19' title="bbox 38 2267 1463 2357; baseline 0 -21"><span class='ocrx_word' id='word_1_163' title='bbox 38 2271 313 2357; x_wconf 78' lang='lat' dir='ltr'>suppeditavissc3</span> <span class='ocrx_word' id='word_1_164' title='bbox 334 2290 410 2336; x_wconf 88' lang='lat' dir='ltr'>nam</span> <span class='ocrx_word' id='word_1_165' title='bbox 422 2271 579 2357; x_wconf 92' lang='lat' dir='ltr'>Augusto,</span> <span class='ocrx_word' id='word_1_166' title='bbox 601 2271 635 2336; x_wconf 94' lang='lat' dir='ltr'>in</span> <span class='ocrx_word' id='word_1_167' title='bbox 651 2269 742 2356; x_wconf 88' lang='lat' dir='ltr'>eujus</span> <span class='ocrx_word' id='word_1_168' title='bbox 756 2269 910 2337; x_wconf 91' lang='lat' dir='ltr'>honorem</span> <span class='ocrx_word' id='word_1_169' title='bbox 930 2268 998 2335; x_wconf 89' lang='lat' dir='ltr'>ludi</span> <span class='ocrx_word' id='word_1_170' title='bbox 1018 2267 1262 2355; x_wconf 71' lang='lat' dir='ltr'>instituti‘sunt,</span> <span class='ocrx_word' id='word_1_171' title='bbox 1284 2290 1351 2336; x_wconf 91' lang='lat' dir='ltr'>nen</span> <span class='ocrx_word' id='word_1_172' title='bbox 1370 2267 1463 2336; x_wconf 89' lang='lat' dir='ltr'>licuit</span> 
     </span>
     <span class='ocr_line' id='line_1_20' title="bbox 36 2373 1465 2463; baseline 0 -21"><span class='ocrx_word' id='word_1_173' title='bbox 36 2377 262 2446; x_wconf 86' lang='lat' dir='ltr'>liberalitatem</span> <span class='ocrx_word' id='word_1_174' title='bbox 283 2396 375 2442; x_wconf 90' lang='lat' dir='ltr'>suam</span> <span class='ocrx_word' id='word_1_175' title='bbox 398 2396 591 2463; x_wconf 86' lang='lat' dir='ltr'>expromere.</span> <span class='ocrx_word' id='word_1_176' title='bbox 624 2375 662 2442; x_wconf 87' lang='grc' dir='ltr'>Α.</span> <span class='ocrx_word' id='word_1_177' title='bbox 675 2377 748 2461; x_wconf 87' lang='grc'>738,</span> <span class='ocrx_word' id='word_1_178' title='bbox 771 2396 844 2441; x_wconf 91' lang='lat' dir='ltr'>oum</span> <span class='ocrx_word' id='word_1_179' title='bbox 864 2373 1012 2442; x_wconf 90' lang='lat' dir='ltr'>ludorum</span> <span class='ocrx_word' id='word_1_180' title='bbox 1039 2395 1116 2442; x_wconf 88' lang='lat' dir='ltr'>cura</span> <span class='ocrx_word' id='word_1_181' title='bbox 1138 2373 1182 2442; x_wconf 89' lang='lat' dir='ltr'>ad</span> <span class='ocrx_word' id='word_1_182' title='bbox 1201 2375 1265 2442; x_wconf 88' lang='lat' dir='ltr'>XV</span> <span class='ocrx_word' id='word_1_183' title='bbox 1285 2375 1372 2444; x_wconf 87' lang='lat' dir='ltr'>viros</span> <span class='ocrx_word' id='word_1_184' title='bbox 1392 2395 1465 2463; x_wconf 90' lang='lat' dir='ltr'>per·</span> 
     </span>
     <span class='ocr_line' id='line_1_21' title="bbox 37 2478 1463 2568; baseline 0.001 -21"><span class='ocrx_word' id='word_1_185' title='bbox 37 2482 159 2568; x_wconf 86' lang='lat' dir='ltr'>timeret,</span> <span class='ocrx_word' id='word_1_186' title='bbox 193 2481 341 2567; x_wconf 88' lang='lat' dir='ltr'>Agrippa</span> <span class='ocrx_word' id='word_1_187' title='bbox 362 2502 421 2566; x_wconf 87' lang='lat' dir='ltr'>pro</span> <span class='ocrx_word' id='word_1_188' title='bbox 445 2482 598 2567; x_wconf 88' lang='lat' dir='ltr'>collegio,</span> <span class='ocrx_word' id='word_1_189' title='bbox 631 2481 682 2546; x_wconf 91' lang='lat' dir='ltr'>oui</span> <span class='ocrx_word' id='word_1_190' title='bbox 702 2481 772 2566; x_wconf 89' lang='lat' dir='ltr'>ipse</span> <span class='ocrx_word' id='word_1_191' title='bbox 801 2478 982 2566; x_wconf 88' lang='lat' dir='ltr'>adscriptus</span> <span class='ocrx_word' id='word_1_192' title='bbox 1004 2479 1082 2564; x_wconf 85' lang='lat' dir='ltr'>fuit,</span> <span class='ocrx_word' id='word_1_193' title='bbox 1111 2479 1291 2566; x_wconf 88' lang='lat' dir='ltr'>impensam</span> <span class='ocrx_word' id='word_1_194' title='bbox 1311 2481 1463 2548; x_wconf 88' lang='lat' dir='ltr'>sustinuit</span> 
     </span>
     <span class='ocr_line' id='line_1_22' title="bbox 39 2582 1464 2674; baseline 0 -22"><span class='ocrx_word' id='word_1_195' title='bbox 39 2586 113 2673; x_wconf 88' lang='lat' dir='ltr'>(Dio</span> <span class='ocrx_word' id='word_1_196' title='bbox 136 2588 171 2654; x_wconf 82' lang='lat' dir='ltr'>O.</span> <span class='ocrx_word' id='word_1_197' title='bbox 192 2587 277 2672; x_wconf 89' lang='lat' dir='ltr'>LIV,</span> <span class='ocrx_word' id='word_1_198' title='bbox 301 2585 367 2674; x_wconf 88' lang='grc'><strong>19),</strong></span> <span class='ocrx_word' id='word_1_199' title='bbox 390 2587 506 2653; x_wconf 90' lang='lat' dir='ltr'>absens</span> <span class='ocrx_word' id='word_1_200' title='bbox 529 2586 583 2652; x_wconf 89' lang='lat' dir='ltr'>ille</span> <span class='ocrx_word' id='word_1_201' title='bbox 605 2583 750 2669; x_wconf 86' lang='lat' dir='ltr'>quidem:</span> <span class='ocrx_word' id='word_1_202' title='bbox 779 2604 855 2650; x_wconf 92' lang='lat' dir='ltr'>nam</span> <span class='ocrx_word' id='word_1_203' title='bbox 875 2584 911 2650; x_wconf 94' lang='lat' dir='ltr'>in</span> <span class='ocrx_word' id='word_1_204' title='bbox 931 2582 1164 2652; x_wconf 88' lang='lat' dir='ltr'>transmarinas</span> <span class='ocrx_word' id='word_1_205' title='bbox 1184 2583 1369 2670; x_wconf 85' lang='lat' dir='ltr'>provincias</span> <span class='ocrx_word' id='word_1_206' title='bbox 1390 2605 1464 2670; x_wconf 92' lang='lat' dir='ltr'>pre·</span> 
     </span>
     <span class='ocr_line' id='line_1_23' title="bbox 39 2687 1464 2775; baseline 0.002 -19"><span class='ocrx_word' id='word_1_207' title='bbox 39 2691 138 2758; x_wconf 88' lang='lat' dir='ltr'>fectus</span> <span class='ocrx_word' id='word_1_208' title='bbox 161 2697 239 2759; x_wconf 87' lang='lat' dir='ltr'>erat.</span> <span class='ocrx_word' id='word_1_209' title='bbox 281 2689 445 2758; x_wconf 84' lang='lat' dir='ltr'>Prioribus</span> <span class='ocrx_word' id='word_1_210' title='bbox 467 2689 553 2757; x_wconf 90' lang='lat' dir='ltr'>ludis</span> <span class='ocrx_word' id='word_1_211' title='bbox 575 2695 722 2757; x_wconf 89' lang='lat' dir='ltr'>senatum</span> <span class='ocrx_word' id='word_1_212' title='bbox 742 2693 867 2775; x_wconf 89' lang='lat' dir='ltr'>partem</span> <span class='ocrx_word' id='word_1_213' title='bbox 888 2693 1010 2758; x_wconf 90' lang='lat' dir='ltr'>sumtus</span> <span class='ocrx_word' id='word_1_214' title='bbox 1033 2688 1218 2774; x_wconf 84' lang='lat' dir='ltr'>erogarisse</span> <span class='ocrx_word' id='word_1_215' title='bbox 1241 2687 1381 2758; x_wconf 87' lang='lat' dir='ltr'>ostendit</span> <span class='ocrx_word' id='word_1_216' title='bbox 1402 2688 1464 2758; x_wconf 82' lang='lat' dir='ltr'>se.</span> 
     </span>
     <span class='ocr_line' id='line_1_24' title="bbox 39 2793 1463 2880; baseline 0.001 -20"><span class='ocrx_word' id='word_1_217' title='bbox 39 2795 77 2862; x_wconf 90' lang='lat' dir='ltr'>de</span> <span class='ocrx_word' id='word_1_218' title='bbox 99 2796 183 2866; x_wconf 89' lang='lat' dir='ltr'>ludis</span> <span class='ocrx_word' id='word_1_219' title='bbox 204 2796 423 2863; x_wconf 91' lang='lat' dir='ltr'>saecularibus</span> <span class='ocrx_word' id='word_1_220' title='bbox 445 2816 475 2861; x_wconf 91' lang='lat' dir='ltr'>a.</span> <span class='ocrx_word' id='word_1_221' title='bbox 497 2797 559 2862; x_wconf 88' lang='grc'>737</span> <span class='ocrx_word' id='word_1_222' title='bbox 584 2795 714 2880; x_wconf 86' lang='lat' dir='ltr'>factum,</span> <span class='ocrx_word' id='word_1_223' title='bbox 735 2795 770 2861; x_wconf 92' lang='lat' dir='ltr'>in</span> <span class='ocrx_word' id='word_1_224' title='bbox 792 2813 853 2879; x_wconf 87' lang='lat' dir='ltr'>que</span> <span class='ocrx_word' id='word_1_225' title='bbox 875 2793 958 2860; x_wconf 88' lang='lat' dir='ltr'>haee</span> <span class='ocrx_word' id='word_1_226' title='bbox 979 2794 1145 2880; x_wconf 88' lang='lat' dir='ltr'>leguntur:</span> <span class='ocrx_word' id='word_1_227' title='bbox 1175 2813 1255 2880; x_wconf 77' lang='lat' dir='ltr'>ques</span> <span class='ocrx_word' id='word_1_228' title='bbox 1271 2814 1337 2878; x_wconf 83' lang='lat' dir='ltr'>pre</span> <span class='ocrx_word' id='word_1_229' title='bbox 1358 2794 1463 2862; x_wconf 80' lang='grc'><strong>667616</strong></span> 
     </span>
     <span class='ocr_line' id='line_1_25' title="bbox 43 2897 1467 2986; baseline -0.001 -18"><span class='ocrx_word' id='word_1_230' title='bbox 43 2901 191 2968; x_wconf 79' lang='lat' dir='ltr'>Gesseris</span> <span class='ocrx_word' id='word_1_231' title='bbox 219 2901 365 2984; x_wconf 73' lang='grc'><strong>1666661</strong></span> <span class='ocrx_word' id='word_1_232' title='bbox 394 2901 516 2967; x_wconf 81' lang='lat' dir='ltr'>tuearis</span> <span class='ocrx_word' id='word_1_233' title='bbox 546 2901 672 2966; x_wconf 83' lang='grc'><strong>666166</strong></span> <span class='ocrx_word' id='word_1_234' title='bbox 702 2919 806 2966; x_wconf 84' lang='lat' dir='ltr'>eoas.</span> <span class='ocrx_word' id='word_1_235' title='bbox 829 2948 837 2965; x_wconf 90' lang='lat'><strong>.</strong></span> <span class='ocrx_word' id='word_1_236' title='bbox 861 2949 869 2967; x_wconf 89' lang='lat'><strong>.</strong></span> <span class='ocrx_word' id='word_1_237' title='bbox 898 2899 1007 2967; x_wconf 89' lang='lat' dir='ltr'>Ludos</span> <span class='ocrx_word' id='word_1_238' title='bbox 1030 2900 1085 2986; x_wconf 93' lang='lat' dir='ltr'>qui</span> <span class='ocrx_word' id='word_1_239' title='bbox 1106 2899 1259 2967; x_wconf 88' lang='lat' dir='ltr'>hocloco</span> <span class='ocrx_word' id='word_1_240' title='bbox 1281 2897 1397 2968; x_wconf 88' lang='lat' dir='ltr'>fecisse</span> <span class='ocrx_word' id='word_1_241' title='bbox 1419 2897 1467 2966; x_wconf 88' lang='lat' dir='ltr'>di-</span> 
     </span>
     <span class='ocr_line' id='line_1_26' title="bbox 41 3002 1467 3091; baseline 0.001 -21"><span class='ocrx_word' id='word_1_242' title='bbox 41 3011 150 3073; x_wconf 88' lang='lat' dir='ltr'>cuntur</span> <span class='ocrx_word' id='word_1_243' title='bbox 171 3028 239 3074; x_wconf 90' lang='lat' dir='ltr'>non</span> <span class='ocrx_word' id='word_1_244' title='bbox 259 3011 334 3072; x_wconf 89' lang='lat' dir='ltr'>sunt</span> <span class='ocrx_word' id='word_1_245' title='bbox 351 3005 413 3071; x_wconf 85' lang='lat' dir='ltr'>XV</span> <span class='ocrx_word' id='word_1_246' title='bbox 434 3005 505 3091; x_wconf 85' lang='lat' dir='ltr'>viri,</span> <span class='ocrx_word' id='word_1_247' title='bbox 537 3027 613 3072; x_wconf 92' lang='lat' dir='ltr'>nam</span> <span class='ocrx_word' id='word_1_248' title='bbox 635 3003 671 3070; x_wconf 92' lang='lat' dir='ltr'>hi</span> <span class='ocrx_word' id='word_1_249' title='bbox 691 3004 836 3090; x_wconf 86' lang='lat' dir='ltr'>proximo</span> <span class='ocrx_word' id='word_1_250' title='bbox 859 3005 987 3072; x_wconf 89' lang='lat' dir='ltr'>demum</span> <span class='ocrx_word' id='word_1_251' title='bbox 1008 3024 1095 3072; x_wconf 93' lang='lat' dir='ltr'>anne</span> <span class='ocrx_word' id='word_1_252' title='bbox 1118 3005 1182 3071; x_wconf 87' lang='grc'>738</span> <span class='ocrx_word' id='word_1_253' title='bbox 1206 3002 1383 3090; x_wconf 89' lang='lat' dir='ltr'>ediderunt,</span> <span class='ocrx_word' id='word_1_254' title='bbox 1411 3023 1467 3072; x_wconf 87' lang='lat' dir='ltr'>ne·</span> 
     </span>
     <span class='ocr_line' id='line_1_27' title="bbox 39 3109 1466 3196; baseline 0.001 -20"><span class='ocrx_word' id='word_1_255' title='bbox 39 3131 98 3196; x_wconf 90' lang='lat' dir='ltr'>que</span> <span class='ocrx_word' id='word_1_256' title='bbox 120 3111 286 3182; x_wconf 88' lang='lat' dir='ltr'>consulum</span> <span class='ocrx_word' id='word_1_257' title='bbox 306 3111 499 3192; x_wconf 85' lang='lat' dir='ltr'>vocabulum</span> <span class='ocrx_word' id='word_1_258' title='bbox 516 3111 596 3176; x_wconf 89' lang='lat' dir='ltr'>latet</span> <span class='ocrx_word' id='word_1_259' title='bbox 616 3111 651 3178; x_wconf 91' lang='lat' dir='ltr'>in</span> <span class='ocrx_word' id='word_1_260' title='bbox 671 3115 818 3177; x_wconf 87' lang='lat' dir='ltr'>truncato</span> <span class='ocrx_word' id='word_1_261' title='bbox 833 3110 991 3178; x_wconf 84' lang='lat' dir='ltr'>vocabule</span> <span class='ocrx_word' id='word_1_262' title='bbox 1012 3109 1197 3195; x_wconf 88' lang='lat' dir='ltr'>novissimo,</span> <span class='ocrx_word' id='word_1_263' title='bbox 1219 3109 1278 3178; x_wconf 89' lang='lat' dir='ltr'>sed</span> <span class='ocrx_word' id='word_1_264' title='bbox 1297 3109 1466 3194; x_wconf 88' lang='lat' dir='ltr'>pontifices</span> 
     </span>
     <span class='ocr_line' id='line_1_28' title="bbox 40 3213 1463 3302; baseline 0.001 -20"><span class='ocrx_word' id='word_1_265' title='bbox 40 3222 70 3283; x_wconf 93' lang='lat' dir='ltr'>et</span> <span class='ocrx_word' id='word_1_266' title='bbox 91 3237 230 3302; x_wconf 89' lang='lat' dir='ltr'>augures</span> <span class='ocrx_word' id='word_1_267' title='bbox 251 3215 482 3302; x_wconf 88' lang='lat' dir='ltr'>intelliguntur,</span> <span class='ocrx_word' id='word_1_268' title='bbox 506 3215 561 3300; x_wconf 92' lang='lat' dir='ltr'>qui</span> <span class='ocrx_word' id='word_1_269' title='bbox 583 3236 612 3281; x_wconf 88' lang='lat' dir='ltr'>a.</span> <span class='ocrx_word' id='word_1_270' title='bbox 635 3215 701 3281; x_wconf 89' lang='grc'>730</span> <span class='ocrx_word' id='word_1_271' title='bbox 723 3220 755 3282; x_wconf 91' lang='grc'>61</span> <span class='ocrx_word' id='word_1_272' title='bbox 777 3214 841 3280; x_wconf 88' lang='grc'>734</span> <span class='ocrx_word' id='word_1_273' title='bbox 864 3219 1072 3300; x_wconf 79' lang='lat' dir='ltr'>curaverunt3</span> <span class='ocrx_word' id='word_1_274' title='bbox 1093 3213 1222 3282; x_wconf 86' lang='lat' dir='ltr'>videtur</span> <span class='ocrx_word' id='word_1_275' title='bbox 1243 3219 1351 3286; x_wconf 86' lang='lat' dir='ltr'>autem</span> <span class='ocrx_word' id='word_1_276' title='bbox 1372 3214 1463 3284; x_wconf 90' lang='lat' dir='ltr'>locus</span> 
     </span>
     <span class='ocr_line' id='line_1_29' title="bbox 38 3318 1464 3406; baseline 0.001 -20"><span class='ocrx_word' id='word_1_277' title='bbox 38 3320 71 3387; x_wconf 92' lang='lat' dir='ltr'>in</span> <span class='ocrx_word' id='word_1_278' title='bbox 92 3322 176 3392; x_wconf 91' lang='lat' dir='ltr'>hune</span> <span class='ocrx_word' id='word_1_279' title='bbox 198 3323 266 3392; x_wconf 81' lang='lat' dir='ltr'>tere</span> <span class='ocrx_word' id='word_1_280' title='bbox 288 3320 417 3388; x_wconf 90' lang='lat' dir='ltr'>modum</span> <span class='ocrx_word' id='word_1_281' title='bbox 437 3319 659 3406; x_wconf 88' lang='lat' dir='ltr'>refingendus:</span> <span class='ocrx_word' id='word_1_282' title='bbox 689 3319 726 3385; x_wconf 86' lang='lat' dir='ltr'>u‘a</span> <span class='ocrx_word' id='word_1_283' title='bbox 747 3337 872 3386; x_wconf 79' lang='grc'><strong>66666</strong></span> <span class='ocrx_word' id='word_1_284' title='bbox 894 3319 1131 3404; x_wconf 83' lang='lat' dir='ltr'>coustita[eude</span> <span class='ocrx_word' id='word_1_285' title='bbox 1151 3319 1262 3386; x_wconf 89' lang='lat' dir='ltr'>eadem</span> <span class='ocrx_word' id='word_1_286' title='bbox 1283 3318 1464 3387; x_wconf 77' lang='lat' dir='ltr'>liberalitas</span> 
     </span>
     <span class='ocr_line' id='line_1_30' title="bbox 40 3421 1465 3512; baseline -0.001 -20"><span class='ocrx_word' id='word_1_287' title='bbox 40 3436 257 3510; x_wconf 70' lang='lat' dir='ltr'>capremontem,</span> <span class='ocrx_word' id='word_1_288' title='bbox 287 3447 352 3511; x_wconf 79' lang='lat' dir='ltr'>qua</span> <span class='ocrx_word' id='word_1_289' title='bbox 372 3427 591 3492; x_wconf 83' lang='lat' dir='ltr'>sacerdotibus</span> <span class='ocrx_word' id='word_1_290' title='bbox 615 3424 796 3512; x_wconf 77' lang='grc'><strong>61116666),</strong></span> <span class='ocrx_word' id='word_1_291' title='bbox 827 3443 911 3508; x_wconf 58' lang='lat' dir='ltr'>ques*</span> <span class='ocrx_word' id='word_1_292' title='bbox 922 3444 986 3508; x_wconf 85' lang='lat' dir='ltr'>pre</span> <span class='ocrx_word' id='word_1_293' title='bbox 1009 3425 1112 3492; x_wconf 83' lang='lat' dir='ltr'>salute</span> <span class='ocrx_word' id='word_1_294' title='bbox 1138 3421 1290 3492; x_wconf 81' lang='lat' dir='ltr'>Oacaem‘s</span> <span class='ocrx_word' id='word_1_295' title='bbox 1308 3424 1465 3508; x_wconf 75' lang='lat' dir='ltr'>fremunt,</span> 
     </span>
     <span class='ocr_line' id='line_1_31' title="bbox 39 3528 1466 3619; baseline 0.001 -25"><span class='ocrx_word' id='word_1_296' title='bbox 39 3531 157 3600; x_wconf 81' lang='lat' dir='ltr'>tuearis</span> <span class='ocrx_word' id='word_1_297' title='bbox 177 3533 305 3601; x_wconf 81' lang='lat' dir='ltr'>uerutus</span> <span class='ocrx_word' id='word_1_298' title='bbox 327 3531 514 3619; x_wconf 84' lang='lat' dir='ltr'>eea[str’tuta</span> <span class='ocrx_word' id='word_1_299' title='bbox 535 3536 582 3597; x_wconf 86' lang='lat' dir='ltr'>est</span> <span class='ocrx_word' id='word_1_300' title='bbox 598 3531 758 3614; x_wconf 84' lang='lat' dir='ltr'>peeuue&#39;a,</span> <span class='ocrx_word' id='word_1_301' title='bbox 790 3531 899 3614; x_wconf 79' lang='lat' dir='ltr'>utiquc</span> <span class='ocrx_word' id='word_1_302' title='bbox 929 3531 1072 3597; x_wconf 84' lang='lat' dir='ltr'>causales</span> <span class='ocrx_word' id='word_1_303' title='bbox 1098 3528 1466 3614; x_wconf 64' lang='lat' dir='ltr'>praeteriissemus·</span> 
     </span>
     <span class='ocr_line' id='line_1_32' title="bbox 39 3633 1465 3722; baseline 0.004 -22"><span class='ocrx_word' id='word_1_304' title='bbox 39 3635 202 3720; x_wconf 81' lang='lat' dir='ltr'>imperaret,</span> <span class='ocrx_word' id='word_1_305' title='bbox 235 3637 286 3704; x_wconf 85' lang='lat' dir='ltr'>uti</span> <span class='ocrx_word' id='word_1_306' title='bbox 308 3657 377 3702; x_wconf 89' lang='lat' dir='ltr'>cam</span> <span class='ocrx_word' id='word_1_307' title='bbox 398 3637 569 3719; x_wconf 80' lang='lat' dir='ltr'>peceatum</span> <span class='ocrx_word' id='word_1_308' title='bbox 591 3635 732 3702; x_wconf 83' lang='lat' dir='ltr'>dandam</span> <span class='ocrx_word' id='word_1_309' title='bbox 755 3635 994 3704; x_wconf 81' lang='lat' dir='ltr'>attribuendam</span> <span class='ocrx_word' id='word_1_310' title='bbox 1015 3635 1096 3722; x_wconf 85' lang='lat' dir='ltr'>[XV</span> <span class='ocrx_word' id='word_1_311' title='bbox 1109 3636 1191 3704; x_wconf 84' lang='lat' dir='ltr'>airis</span> <span class='ocrx_word' id='word_1_312' title='bbox 1212 3654 1296 3703; x_wconf 88' lang='lat' dir='ltr'>saer.</span> <span class='ocrx_word' id='word_1_313' title='bbox 1318 3633 1465 3720; x_wconf 77' lang='lat' dir='ltr'>saeiuad.</span> 
     </span>
     <span class='ocr_line' id='line_1_33' title="bbox 40 3745 173 3828; baseline 0.023 -21"><span class='ocrx_word' id='word_1_314' title='bbox 40 3745 173 3828; x_wconf 85' lang='lat' dir='ltr'>carcat]</span> 
     </span>
    </p>
   </div>
   <div class='ocr_carea' id='block_1_5' title="bbox 41 3871 1464 4278">
    <p class='ocr_par' dir='ltr' id='par_1_5' title="bbox 41 3871 1464 4278">
     <span class='ocr_line' id='line_1_34' title="bbox 124 3871 1464 3961; baseline -0.001 -20"><span class='ocrx_word' id='word_1_315' title='bbox 124 3875 208 3943; x_wconf 89' lang='lat' dir='ltr'>Ludi</span> <span class='ocrx_word' id='word_1_316' title='bbox 230 3875 264 3942; x_wconf 92' lang='lat' dir='ltr'>hi</span> <span class='ocrx_word' id='word_1_317' title='bbox 285 3875 385 3942; x_wconf 87' lang='lat' dir='ltr'>votivi</span> <span class='ocrx_word' id='word_1_318' title='bbox 405 3894 464 3961; x_wconf 91' lang='lat' dir='ltr'>per</span> <span class='ocrx_word' id='word_1_319' title='bbox 486 3871 662 3958; x_wconf 90' lang='lat' dir='ltr'>complures</span> <span class='ocrx_word' id='word_1_320' title='bbox 691 3871 760 3941; x_wconf 90' lang='lat' dir='ltr'>dies</span> <span class='ocrx_word' id='word_1_321' title='bbox 783 3872 960 3940; x_wconf 87' lang='lat' dir='ltr'>continuati</span> <span class='ocrx_word' id='word_1_322' title='bbox 980 3892 1047 3940; x_wconf 94' lang='lat' dir='ltr'>non</span> <span class='ocrx_word' id='word_1_323' title='bbox 1068 3871 1172 3938; x_wconf 90' lang='lat' dir='ltr'>selum</span> <span class='ocrx_word' id='word_1_324' title='bbox 1193 3871 1283 3940; x_wconf 87' lang='lat' dir='ltr'>fuere</span> <span class='ocrx_word' id='word_1_325' title='bbox 1304 3871 1464 3940; x_wconf 88' lang='lat' dir='ltr'>circenses</span> 
     </span>
     <span class='ocr_line' id='line_1_35' title="bbox 42 3975 1460 4067; baseline 0.002 -25"><span class='ocrx_word' id='word_1_326' title='bbox 42 3982 73 4042; x_wconf 92' lang='lat' dir='ltr'>et</span> <span class='ocrx_word' id='word_1_327' title='bbox 101 3980 384 4067; x_wconf 88' lang='lat' dir='ltr'>amphitheatrales</span> <span class='ocrx_word' id='word_1_328' title='bbox 407 3978 483 4066; x_wconf 88' lang='lat' dir='ltr'>(Dio</span> <span class='ocrx_word' id='word_1_329' title='bbox 506 3978 541 4044; x_wconf 81' lang='lat' dir='ltr'>O.</span> <span class='ocrx_word' id='word_1_330' title='bbox 562 3978 650 4063; x_wconf 85' lang='lat' dir='ltr'>LIII,</span> <span class='ocrx_word' id='word_1_331' title='bbox 674 3978 716 4067; x_wconf 85' lang='lat'>1.)</span> <span class='ocrx_word' id='word_1_332' title='bbox 731 3977 767 4066; x_wconf 71' lang='lat'>²),</span> <span class='ocrx_word' id='word_1_333' title='bbox 798 3976 856 4046; x_wconf 89' lang='lat' dir='ltr'>sed</span> <span class='ocrx_word' id='word_1_334' title='bbox 878 3977 976 4044; x_wconf 89' lang='lat' dir='ltr'>ctiam</span> <span class='ocrx_word' id='word_1_335' title='bbox 997 3976 1148 4063; x_wconf 88' lang='lat' dir='ltr'>scaenici,</span> <span class='ocrx_word' id='word_1_336' title='bbox 1172 3981 1208 4044; x_wconf 91' lang='lat' dir='ltr'>ut</span> <span class='ocrx_word' id='word_1_337' title='bbox 1229 3977 1289 4046; x_wconf 76' lang='lat' dir='ltr'>SC.</span> <span class='ocrx_word' id='word_1_338' title='bbox 1312 3975 1460 4045; x_wconf 89' lang='lat' dir='ltr'>deludis</span> 
     </span>
     <span class='ocr_line' id='line_1_36' title="bbox 41 4081 1463 4174; baseline 0.001 -27"><span class='ocrx_word' id='word_1_339' title='bbox 41 4101 122 4151; x_wconf 89' lang='lat' dir='ltr'>sace.</span> <span class='ocrx_word' id='word_1_340' title='bbox 144 4088 260 4174; x_wconf 91' lang='lat' dir='ltr'>arguit,</span> <span class='ocrx_word' id='word_1_341' title='bbox 282 4084 367 4152; x_wconf 88' lang='lat' dir='ltr'>unde</span> <span class='ocrx_word' id='word_1_342' title='bbox 389 4083 540 4152; x_wconf 90' lang='lat' dir='ltr'>discimus</span> <span class='ocrx_word' id='word_1_343' title='bbox 562 4089 708 4150; x_wconf 90' lang='lat' dir='ltr'>senatum</span> <span class='ocrx_word' id='word_1_344' title='bbox 728 4083 846 4150; x_wconf 88' lang='lat' dir='ltr'>lucaris</span> <span class='ocrx_word' id='word_1_345' title='bbox 868 4083 997 4150; x_wconf 89' lang='lat' dir='ltr'>nomine</span> <span class='ocrx_word' id='word_1_346' title='bbox 1018 4081 1189 4170; x_wconf 88' lang='lat' dir='ltr'>pecuniam</span> <span class='ocrx_word' id='word_1_347' title='bbox 1208 4082 1259 4150; x_wconf 93' lang='lat' dir='ltr'>his</span> <span class='ocrx_word' id='word_1_348' title='bbox 1281 4081 1366 4152; x_wconf 86' lang='lat' dir='ltr'>ludis</span> <span class='ocrx_word' id='word_1_349' title='bbox 1381 4083 1463 4150; x_wconf 87' lang='lat' dir='ltr'>cele·</span> 
     </span>
     <span class='ocr_line' id='line_1_37' title="bbox 41 4184 1462 4278; baseline 0.003 -26"><span class='ocrx_word' id='word_1_350' title='bbox 41 4184 170 4258; x_wconf 88' lang='lat' dir='ltr'>brandis</span> <span class='ocrx_word' id='word_1_351' title='bbox 196 4190 397 4260; x_wconf 75' lang='lat' dir='ltr'>constituisse</span> <span class='ocrx_word' id='word_1_352' title='bbox 410 4187 446 4278; x_wconf 70' lang='grc'>8).</span> <span class='ocrx_word' id='word_1_353' title='bbox 489 4187 574 4259; x_wconf 86' lang='lat' dir='ltr'>Ludi</span> <span class='ocrx_word' id='word_1_354' title='bbox 596 4208 658 4277; x_wconf 90' lang='lat' dir='ltr'>que</span> <span class='ocrx_word' id='word_1_355' title='bbox 680 4188 758 4260; x_wconf 90' lang='lat' dir='ltr'>anui</span> <span class='ocrx_word' id='word_1_356' title='bbox 779 4194 921 4276; x_wconf 86' lang='lat' dir='ltr'>tempere</span> <span class='ocrx_word' id='word_1_357' title='bbox 949 4187 1102 4258; x_wconf 89' lang='lat' dir='ltr'>celebrati</span> <span class='ocrx_word' id='word_1_358' title='bbox 1132 4186 1197 4257; x_wconf 91' lang='lat' dir='ltr'>sint</span> <span class='ocrx_word' id='word_1_359' title='bbox 1223 4188 1354 4276; x_wconf 86' lang='lat' dir='ltr'>ignore:</span> <span class='ocrx_word' id='word_1_360' title='bbox 1398 4187 1462 4256; x_wconf 91' lang='lat' dir='ltr'>Die</span> 
     </span>
    </p>
   </div>
   <div class='ocr_carea' id='block_1_6' title="bbox 42 4489 1464 4837">
    <p class='ocr_par' dir='ltr' id='par_1_6' title="bbox 42 4489 1464 4837">
     <span class='ocr_line' id='line_1_38' title="bbox 112 4489 1462 4567; baseline 0.003 -24"><span class='ocrx_word' id='word_1_361' title='bbox 112 4489 138 4560; x_wconf 94' lang='grc'><strong>1)</strong></span> <span class='ocrx_word' id='word_1_362' title='bbox 158 4491 233 4548; x_wconf 80' lang='lat' dir='ltr'>Suet.</span> <span class='ocrx_word' id='word_1_363' title='bbox 253 4491 326 4565; x_wconf 85' lang='lat' dir='ltr'>Aug.</span> <span class='ocrx_word' id='word_1_364' title='bbox 346 4494 392 4549; x_wconf 87' lang='lat'>86:</span> <span class='ocrx_word' id='word_1_365' title='bbox 420 4495 598 4566; x_wconf 85' lang='lat' dir='ltr'>praeeipuam</span> <span class='ocrx_word' id='word_1_366' title='bbox 619 4513 713 4566; x_wconf 86' lang='lat' dir='ltr'>eurem</span> <span class='ocrx_word' id='word_1_367' title='bbox 732 4494 823 4559; x_wconf 86' lang='lat' dir='ltr'>duait,</span> <span class='ocrx_word' id='word_1_368' title='bbox 849 4513 954 4553; x_wconf 85' lang='lat' dir='ltr'>seusam</span> <span class='ocrx_word' id='word_1_369' title='bbox 978 4493 1063 4552; x_wconf 78' lang='lat' dir='ltr'>animi</span> <span class='ocrx_word' id='word_1_370' title='bbox 1084 4512 1166 4567; x_wconf 83' lang='lat' dir='ltr'>quam</span> <span class='ocrx_word' id='word_1_371' title='bbox 1184 4492 1350 4565; x_wconf 77' lang='lat' dir='ltr'>apertissime</span> <span class='ocrx_word' id='word_1_372' title='bbox 1368 4489 1462 4566; x_wconf 79' lang='lat' dir='ltr'>capri-</span> 
     </span>
     <span class='ocr_line' id='line_1_39' title="bbox 42 4581 1464 4656; baseline 0.013 -32"><span class='ocrx_word' id='word_1_373' title='bbox 42 4589 125 4631; x_wconf 69' lang='grc'><strong>66666</strong></span> <span class='ocrx_word' id='word_1_374' title='bbox 144 4581 216 4650; x_wconf 78' lang='lat' dir='ltr'>qued</span> <span class='ocrx_word' id='word_1_375' title='bbox 227 4583 402 4653; x_wconf 66' lang='lat' dir='ltr'>quesnellius</span> <span class='ocrx_word' id='word_1_376' title='bbox 419 4587 552 4656; x_wconf 81' lang='lat' dir='ltr'>efficeret,</span> <span class='ocrx_word' id='word_1_377' title='bbox 575 4590 623 4640; x_wconf 83' lang='lat' dir='ltr'>aut</span> <span class='ocrx_word' id='word_1_378' title='bbox 645 4585 740 4639; x_wconf 78' lang='lat' dir='ltr'>necubi</span> <span class='ocrx_word' id='word_1_379' title='bbox 755 4586 878 4638; x_wconf 84' lang='lat' dir='ltr'>tectorem</span> <span class='ocrx_word' id='word_1_380' title='bbox 896 4587 939 4640; x_wconf 84' lang='lat' dir='ltr'>eet</span> <span class='ocrx_word' id='word_1_381' title='bbox 955 4585 1106 4640; x_wconf 76' lang='lat' dir='ltr'>auditorem</span> <span class='ocrx_word' id='word_1_382' title='bbox 1125 4585 1279 4641; x_wconf 76' lang='lat' dir='ltr'>obturbaret</span> <span class='ocrx_word' id='word_1_383' title='bbox 1296 4603 1327 4638; x_wconf 89' lang='lat' dir='ltr'>ac</span> <span class='ocrx_word' id='word_1_384' title='bbox 1345 4601 1464 4642; x_wconf 80' lang='lat' dir='ltr'>merare·</span> 
     </span>
     <span class='ocr_line' id='line_1_40' title="bbox 43 4666 1464 4749; baseline 0.004 -26"><span class='ocrx_word' id='word_1_385' title='bbox 43 4666 93 4728; x_wconf 72' lang='lat' dir='ltr'>tur,</span> <span class='ocrx_word' id='word_1_386' title='bbox 114 4685 196 4739; x_wconf 79' lang='lat' dir='ltr'>neque</span> <span class='ocrx_word' id='word_1_387' title='bbox 209 4673 420 4742; x_wconf 80' lang='lat' dir='ltr'>praepositiones</span> <span class='ocrx_word' id='word_1_388' title='bbox 438 4675 546 4730; x_wconf 85' lang='lat' dir='ltr'>urbebus</span> <span class='ocrx_word' id='word_1_389' title='bbox 562 4674 670 4742; x_wconf 84' lang='lat' dir='ltr'>addere,</span> <span class='ocrx_word' id='word_1_390' title='bbox 690 4693 773 4746; x_wconf 85' lang='lat' dir='ltr'>aeque</span> <span class='ocrx_word' id='word_1_391' title='bbox 792 4677 1106 4749; x_wconf 81' lang='lat' dir='ltr'>eeajuaete&#39;eaeseaepiue</span> <span class='ocrx_word' id='word_1_392' title='bbox 1124 4677 1222 4732; x_wconf 88' lang='lat' dir='ltr'>iterare</span> <span class='ocrx_word' id='word_1_393' title='bbox 1236 4673 1375 4741; x_wconf 87' lang='lat' dir='ltr'>dubitauit,</span> <span class='ocrx_word' id='word_1_394' title='bbox 1396 4690 1464 4748; x_wconf 84' lang='lat' dir='ltr'>quae</span> 
     </span>
     <span class='ocr_line' id='line_1_41' title="bbox 45 4751 953 4837; baseline 0.018 -33"><span class='ocrx_word' id='word_1_395' title='bbox 45 4751 174 4814; x_wconf 83' lang='lat' dir='ltr'>detractae</span> <span class='ocrx_word' id='word_1_396' title='bbox 192 4762 294 4832; x_wconf 81' lang='lat' dir='ltr'>aliquid</span> <span class='ocrx_word' id='word_1_397' title='bbox 310 4765 431 4834; x_wconf 79' lang='lat' dir='ltr'>afferrat</span> <span class='ocrx_word' id='word_1_398' title='bbox 448 4762 623 4827; x_wconf 75' lang='lat' dir='ltr'>obscuritatis,</span> <span class='ocrx_word' id='word_1_399' title='bbox 645 4764 695 4817; x_wconf 85' lang='lat' dir='ltr'>etei</span> <span class='ocrx_word' id='word_1_400' title='bbox 706 4765 826 4834; x_wconf 81' lang='lat' dir='ltr'>pretium</span> <span class='ocrx_word' id='word_1_401' title='bbox 845 4771 953 4837; x_wconf 78' lang='lat' dir='ltr'>aupeat.</span> 
     </span>
    </p>
   </div>
   <div class='ocr_carea' id='block_1_7' title="bbox 112 4860 1466 5059">
    <p class='ocr_par' dir='ltr' id='par_1_7' title="bbox 112 4860 1466 5059">
     <span class='ocr_line' id='line_1_42' title="bbox 113 4860 1466 4954; baseline 0.008 -26"><span class='ocrx_word' id='word_1_402' title='bbox 113 4873 140 4946; x_wconf 85' lang='lat' dir='ltr'>a)</span> <span class='ocrx_word' id='word_1_403' title='bbox 158 4875 238 4935; x_wconf 75' lang='lat' dir='ltr'>aare</span> <span class='ocrx_word' id='word_1_404' title='bbox 258 4879 336 4935; x_wconf 74' lang='lat' dir='ltr'>suec.</span> <span class='ocrx_word' id='word_1_405' title='bbox 356 4881 428 4954; x_wconf 76' lang='lat' dir='ltr'>sug.</span> <span class='ocrx_word' id='word_1_406' title='bbox 446 4882 494 4938; x_wconf 76' lang='lat'>442</span> <span class='ocrx_word' id='word_1_407' title='bbox 519 4880 697 4953; x_wconf 69' lang='lat' dir='ltr'>poneremus</span> <span class='ocrx_word' id='word_1_408' title='bbox 715 4881 791 4947; x_wconf 75' lang='lat' dir='ltr'>ruas,</span> <span class='ocrx_word' id='word_1_409' title='bbox 816 4899 886 4952; x_wconf 77' lang='lat' dir='ltr'>quos</span> <span class='ocrx_word' id='word_1_410' title='bbox 904 4883 989 4953; x_wconf 77' lang='grc'><strong>666,</strong></span> <span class='ocrx_word' id='word_1_411' title='bbox 1008 4886 1060 4942; x_wconf 76' lang='lat' dir='ltr'>aue</span> <span class='ocrx_word' id='word_1_412' title='bbox 1077 4902 1103 4942; x_wconf 78' lang='lat' dir='ltr'>a.</span> <span class='ocrx_word' id='word_1_413' title='bbox 1122 4885 1175 4943; x_wconf 86' lang='lat' dir='ltr'>rae</span> <span class='ocrx_word' id='word_1_414' title='bbox 1194 4885 1246 4942; x_wconf 81' lang='lat' dir='ltr'>aue</span> <span class='ocrx_word' id='word_1_415' title='bbox 1264 4885 1317 4941; x_wconf 83' lang='lat' dir='ltr'>ree</span> <span class='ocrx_word' id='word_1_416' title='bbox 1335 4860 1466 4954; x_wconf 65' lang='lat' dir='ltr'>Aemus,</span> 
     </span>
     <span class='ocr_line' id='line_1_43' title="bbox 112 4981 938 5059; baseline 0.013 -24"><span class='ocrx_word' id='word_1_417' title='bbox 112 4981 139 5059; x_wconf 86' lang='grc'>6)</span> <span class='ocrx_word' id='word_1_418' title='bbox 158 4983 310 5044; x_wconf 76' lang='lat' dir='ltr'>Confirmat</span> <span class='ocrx_word' id='word_1_419' title='bbox 327 4987 401 5045; x_wconf 78' lang='lat' dir='ltr'>sm.</span> <span class='ocrx_word' id='word_1_420' title='bbox 419 4989 454 5046; x_wconf 85' lang='lat' dir='ltr'>u.</span> <span class='ocrx_word' id='word_1_421' title='bbox 473 4989 508 5046; x_wconf 81' lang='lat' dir='ltr'>u.</span> <span class='ocrx_word' id='word_1_422' title='bbox 527 4989 590 5056; x_wconf 84' lang='lat' dir='ltr'>uu,</span> <span class='ocrx_word' id='word_1_423' title='bbox 611 4989 671 5045; x_wconf 80' lang='lat' dir='ltr'>uss.</span> <span class='ocrx_word' id='word_1_424' title='bbox 936 4985 938 4989; x_wconf 88' lang='grc'><em>·</em></span> 
     </span>
    </p>
   </div>
   <div class='ocr_carea' id='block_1_8' title="bbox 0 0 1698 5510">
    <p class='ocr_par' dir='ltr' id='par_1_8' title="bbox 0 0 1698 5510">
     <span class='ocr_line' id='line_1_44' title="bbox 0 0 1698 5510; baseline 0 0"><span class='ocrx_word' id='word_1_425' title='bbox 0 0 1698 5510; x_wconf 95' lang='lat' dir='ltr'> </span> 
     </span>
    </p>
   </div>
  </div>
 </body>
</html>
