<?xml version="1.0" encoding="UTF-8"?>
<!DOCTYPE html PUBLIC "-//W3C//DTD XHTML 1.0 Transitional//EN"
    "http://www.w3.org/TR/xhtml1/DTD/xhtml1-transitional.dtd">
<html xmlns="http://www.w3.org/1999/xhtml" xml:lang="en" lang="en">
 <head>
  <title>
</title>
<meta http-equiv="Content-Type" content="text/html;charset=utf-8" />
  <meta name='ocr-system' content='tesseract 3.04.00' />
  <meta name='ocr-capabilities' content='ocr_page ocr_carea ocr_par ocr_line ocrx_word'/>
</head>
<body>
  <div class='ocr_page' id='page_1' title='image "augustirerumase00berggoog_0058.png"; bbox 0 0 3384 5510; ppageno 0'>
   <div class='ocr_carea' id='block_1_1' title="bbox 76 1835 1530 4872">
    <p class='ocr_par' dir='ltr' id='par_1_1' title="bbox 76 1835 1530 3296">
     <span class='ocr_line' id='line_1_1' title="bbox 166 1835 1512 1928; baseline -0.002 -21"><span class='ocrx_word' id='word_1_1' title='bbox 166 1839 339 1928; x_wconf 80' lang='lat' dir='ltr'>Inscriptio</span> <span class='ocrx_word' id='word_1_2' title='bbox 362 1839 456 1908; x_wconf 88' lang='lat' dir='ltr'>latini</span> <span class='ocrx_word' id='word_1_3' title='bbox 478 1838 616 1928; x_wconf 84' lang='lat' dir='ltr'>exempli</span> <span class='ocrx_word' id='word_1_4' title='bbox 638 1839 741 1906; x_wconf 90' lang='lat' dir='ltr'>tribus</span> <span class='ocrx_word' id='word_1_5' title='bbox 763 1835 910 1905; x_wconf 89' lang='lat' dir='ltr'>versibus</span> <span class='ocrx_word' id='word_1_6' title='bbox 940 1836 1171 1924; x_wconf 89' lang='lat' dir='ltr'>comprehensa</span> <span class='ocrx_word' id='word_1_7' title='bbox 1191 1855 1250 1923; x_wconf 84' lang='lat' dir='ltr'>per</span> <span class='ocrx_word' id='word_1_8' title='bbox 1270 1840 1336 1904; x_wconf 88' lang='lat' dir='ltr'>tres</span> <span class='ocrx_word' id='word_1_9' title='bbox 1357 1835 1512 1923; x_wconf 85' lang='lat' dir='ltr'>primores</span> 
     </span>
     <span class='ocr_line' id='line_1_2' title="bbox 77 1940 1514 2032; baseline -0.001 -23"><span class='ocrx_word' id='word_1_10' title='bbox 77 1945 221 2030; x_wconf 79' lang='lat' dir='ltr'>paginas</span> <span class='ocrx_word' id='word_1_11' title='bbox 251 1948 471 2032; x_wconf 72' lang='lat' dir='ltr'>continuatur,</span> <span class='ocrx_word' id='word_1_12' title='bbox 502 1947 537 2013; x_wconf 94' lang='lat' dir='ltr'>in</span> <span class='ocrx_word' id='word_1_13' title='bbox 566 1966 685 2031; x_wconf 88' lang='lat' dir='ltr'>graeca</span> <span class='ocrx_word' id='word_1_14' title='bbox 710 1943 907 2030; x_wconf 77' lang='lat' dir='ltr'>metaphrasi</span> <span class='ocrx_word' id='word_1_15' title='bbox 936 1943 989 2010; x_wconf 90' lang='lat' dir='ltr'>hic</span> <span class='ocrx_word' id='word_1_16' title='bbox 1018 1942 1129 2010; x_wconf 88' lang='lat' dir='ltr'>titulus</span> <span class='ocrx_word' id='word_1_17' title='bbox 1156 1942 1191 2009; x_wconf 91' lang='lat' dir='ltr'>in</span> <span class='ocrx_word' id='word_1_18' title='bbox 1213 1947 1336 2009; x_wconf 87' lang='lat' dir='ltr'>arctum</span> <span class='ocrx_word' id='word_1_19' title='bbox 1364 1940 1514 2009; x_wconf 88' lang='lat' dir='ltr'>redactus</span> 
     </span>
     <span class='ocr_line' id='line_1_3' title="bbox 77 2047 1514 2140; baseline -0.002 -25"><span class='ocrx_word' id='word_1_20' title='bbox 77 2069 142 2116; x_wconf 92' lang='lat' dir='ltr'>uno</span> <span class='ocrx_word' id='word_1_21' title='bbox 165 2071 263 2118; x_wconf 87' lang='lat' dir='ltr'>versu</span> <span class='ocrx_word' id='word_1_22' title='bbox 284 2053 469 2140; x_wconf 80' lang='lat' dir='ltr'>absolvitur,</span> <span class='ocrx_word' id='word_1_23' title='bbox 492 2073 532 2119; x_wconf 90' lang='lat' dir='ltr'>ac</span> <span class='ocrx_word' id='word_1_24' title='bbox 546 2072 603 2139; x_wconf 90' lang='lat' dir='ltr'>pcr</span> <span class='ocrx_word' id='word_1_25' title='bbox 624 2051 764 2138; x_wconf 84' lang='lat' dir='ltr'>paginas</span> <span class='ocrx_word' id='word_1_26' title='bbox 778 2049 873 2116; x_wconf 89' lang='lat' dir='ltr'>XVII</span> <span class='ocrx_word' id='word_1_27' title='bbox 895 2049 1069 2135; x_wconf 83' lang='lat' dir='ltr'>porrigitur</span> <span class='ocrx_word' id='word_1_28' title='bbox 1082 2047 1119 2136; x_wconf 86' lang='lat'>¹),</span> <span class='ocrx_word' id='word_1_29' title='bbox 1140 2048 1198 2114; x_wconf 89' lang='lat' dir='ltr'>sed</span> <span class='ocrx_word' id='word_1_30' title='bbox 1219 2048 1333 2114; x_wconf 90' lang='lat' dir='ltr'>mirum</span> <span class='ocrx_word' id='word_1_31' title='bbox 1356 2055 1404 2114; x_wconf 90' lang='lat' dir='ltr'>est</span> <span class='ocrx_word' id='word_1_32' title='bbox 1418 2047 1514 2132; x_wconf 87' lang='lat' dir='ltr'>septi-</span> 
     </span>
     <span class='ocr_line' id='line_1_4' title="bbox 76 2149 1514 2243; baseline -0.001 -26"><span class='ocrx_word' id='word_1_33' title='bbox 76 2174 167 2219; x_wconf 90' lang='lat' dir='ltr'>mam</span> <span class='ocrx_word' id='word_1_34' title='bbox 197 2155 355 2222; x_wconf 87' lang='lat' dir='ltr'>decimam</span> <span class='ocrx_word' id='word_1_35' title='bbox 385 2157 594 2243; x_wconf 86' lang='lat' dir='ltr'>semiplenam</span> <span class='ocrx_word' id='word_1_36' title='bbox 616 2176 702 2242; x_wconf 86' lang='lat' dir='ltr'>esso,</span> <span class='ocrx_word' id='word_1_37' title='bbox 733 2155 813 2220; x_wconf 90' lang='lat' dir='ltr'>duas</span> <span class='ocrx_word' id='word_1_38' title='bbox 843 2154 1035 2220; x_wconf 89' lang='lat' dir='ltr'>novissimas</span> <span class='ocrx_word' id='word_1_39' title='bbox 1057 2153 1196 2240; x_wconf 87' lang='lat' dir='ltr'>paginas</span> <span class='ocrx_word' id='word_1_40' title='bbox 1219 2151 1344 2240; x_wconf 86' lang='lat' dir='ltr'>(XVIII</span> <span class='ocrx_word' id='word_1_41' title='bbox 1366 2157 1398 2218; x_wconf 91' lang='lat' dir='ltr'>et</span> <span class='ocrx_word' id='word_1_42' title='bbox 1418 2149 1514 2238; x_wconf 82' lang='lat' dir='ltr'><strong>XIX)</strong></span> 
     </span>
     <span class='ocr_line' id='line_1_5' title="bbox 76 2256 1514 2348; baseline -0.001 -27"><span class='ocrx_word' id='word_1_43' title='bbox 76 2257 162 2324; x_wconf 88' lang='lat' dir='ltr'>tituli</span> <span class='ocrx_word' id='word_1_44' title='bbox 187 2279 317 2344; x_wconf 91' lang='lat' dir='ltr'>prorsus</span> <span class='ocrx_word' id='word_1_45' title='bbox 339 2261 494 2328; x_wconf 88' lang='lat' dir='ltr'>immunes</span> <span class='ocrx_word' id='word_1_46' title='bbox 517 2281 597 2348; x_wconf 87' lang='lat' dir='ltr'>esse,</span> <span class='ocrx_word' id='word_1_47' title='bbox 620 2281 692 2328; x_wconf 89' lang='lat' dir='ltr'>curn</span> <span class='ocrx_word' id='word_1_48' title='bbox 714 2259 822 2345; x_wconf 89' lang='lat' dir='ltr'>opifici</span> <span class='ocrx_word' id='word_1_49' title='bbox 842 2259 985 2326; x_wconf 75' lang='lat' dir='ltr'>licuisset</span> <span class='ocrx_word' id='word_1_50' title='bbox 1008 2258 1099 2325; x_wconf 86' lang='lat' dir='ltr'>facili</span> <span class='ocrx_word' id='word_1_51' title='bbox 1120 2257 1251 2342; x_wconf 88' lang='lat' dir='ltr'>negotio</span> <span class='ocrx_word' id='word_1_52' title='bbox 1271 2256 1404 2341; x_wconf 86' lang='lat' dir='ltr'>litteras,</span> <span class='ocrx_word' id='word_1_53' title='bbox 1433 2273 1514 2338; x_wconf 89' lang='lat' dir='ltr'>quas</span> 
     </span>
     <span class='ocr_line' id='line_1_6' title="bbox 77 2361 1530 2454; baseline 0 -28"><span class='ocrx_word' id='word_1_54' title='bbox 77 2361 248 2450; x_wconf 81' lang='lat' dir='ltr'>inscriptio</span> <span class='ocrx_word' id='word_1_55' title='bbox 277 2366 438 2453; x_wconf 90' lang='lat' dir='ltr'>continet,</span> <span class='ocrx_word' id='word_1_56' title='bbox 471 2387 530 2454; x_wconf 87' lang='lat' dir='ltr'>per</span> <span class='ocrx_word' id='word_1_57' title='bbox 559 2386 668 2434; x_wconf 92' lang='lat' dir='ltr'>omnes</span> <span class='ocrx_word' id='word_1_58' title='bbox 697 2365 836 2451; x_wconf 85' lang='lat' dir='ltr'>paginas</span> <span class='ocrx_word' id='word_1_59' title='bbox 866 2363 1078 2448; x_wconf 88' lang='lat' dir='ltr'>aequabiliter</span> <span class='ocrx_word' id='word_1_60' title='bbox 1104 2382 1295 2451; x_wconf 88' lang='lat' dir='ltr'>propagare.</span> <span class='ocrx_word' id='word_1_61' title='bbox 1345 2363 1420 2430; x_wconf 85' lang='lat' dir='ltr'>Jam</span> <span class='ocrx_word' id='word_1_62' title='bbox 1442 2379 1530 2436; x_wconf 75' lang='lat' dir='ltr'>cum,</span> 
     </span>
     <span class='ocr_line' id='line_1_7' title="bbox 78 2464 1516 2561; baseline -0.003 -24"><span class='ocrx_word' id='word_1_63' title='bbox 78 2491 110 2557; x_wconf 88' lang='lat' dir='ltr'>p.</span> <span class='ocrx_word' id='word_1_64' title='bbox 132 2471 231 2538; x_wconf 90' lang='lat' dir='ltr'><strong>XVII</strong></span> <span class='ocrx_word' id='word_1_65' title='bbox 261 2480 333 2561; x_wconf 91' lang='lat' dir='ltr'>post</span> <span class='ocrx_word' id='word_1_66' title='bbox 356 2473 428 2539; x_wconf 76' lang='lat' dir='ltr'>doct</span> <span class='ocrx_word' id='word_1_67' title='bbox 450 2475 627 2543; x_wconf 89' lang='lat' dir='ltr'>litterarum</span> <span class='ocrx_word' id='word_1_68' title='bbox 657 2474 843 2541; x_wconf 71' lang='lat' dir='ltr'>deti-itanum</span> <span class='ocrx_word' id='word_1_69' title='bbox 875 2473 1016 2557; x_wconf 87' lang='lat' dir='ltr'>vestigia</span> <span class='ocrx_word' id='word_1_70' title='bbox 1049 2472 1201 2539; x_wconf 82' lang='lat' dir='ltr'>exhibere</span> <span class='ocrx_word' id='word_1_71' title='bbox 1234 2465 1382 2536; x_wconf 86' lang='lat' dir='ltr'>videatur</span> <span class='ocrx_word' id='word_1_72' title='bbox 1416 2464 1516 2553; x_wconf 87' lang='lat' dir='ltr'>(certe</span> 
     </span>
     <span class='ocr_line' id='line_1_8' title="bbox 78 2569 1514 2666; baseline -0.003 -24"><span class='ocrx_word' id='word_1_73' title='bbox 78 2577 113 2642; x_wconf 93' lang='lat' dir='ltr'>in</span> <span class='ocrx_word' id='word_1_74' title='bbox 136 2579 286 2664; x_wconf 85' lang='lat' dir='ltr'>exemplo</span> <span class='ocrx_word' id='word_1_75' title='bbox 308 2581 487 2648; x_wconf 91' lang='lat' dir='ltr'>Hamiltoni</span> <span class='ocrx_word' id='word_1_76' title='bbox 509 2569 648 2666; x_wconf 82' lang='lat' dir='ltr'>quinqua</span> <span class='ocrx_word' id='word_1_77' title='bbox 671 2581 743 2647; x_wconf 90' lang='lat' dir='ltr'>loca</span> <span class='ocrx_word' id='word_1_78' title='bbox 757 2598 862 2648; x_wconf 89' lang='lat' dir='ltr'>vacua</span> <span class='ocrx_word' id='word_1_79' title='bbox 883 2584 995 2646; x_wconf 89' lang='lat' dir='ltr'>notata</span> <span class='ocrx_word' id='word_1_80' title='bbox 1017 2577 1103 2666; x_wconf 90' lang='lat' dir='ltr'>sunt)</span> <span class='ocrx_word' id='word_1_81' title='bbox 1127 2572 1299 2645; x_wconf 84' lang='lat' dir='ltr'>verisimile</span> <span class='ocrx_word' id='word_1_82' title='bbox 1322 2576 1379 2654; x_wconf 89' lang='lat' dir='ltr'>est,</span> <span class='ocrx_word' id='word_1_83' title='bbox 1402 2569 1437 2636; x_wconf 94' lang='lat' dir='ltr'>in</span> <span class='ocrx_word' id='word_1_84' title='bbox 1458 2590 1514 2637; x_wconf 92' lang='lat' dir='ltr'>no-</span> 
     </span>
     <span class='ocr_line' id='line_1_9' title="bbox 78 2672 1515 2770; baseline -0.006 -23"><span class='ocrx_word' id='word_1_85' title='bbox 78 2679 223 2749; x_wconf 91' lang='lat' dir='ltr'>vissimis</span> <span class='ocrx_word' id='word_1_86' title='bbox 246 2680 371 2750; x_wconf 90' lang='lat' dir='ltr'>duabus</span> <span class='ocrx_word' id='word_1_87' title='bbox 392 2683 492 2751; x_wconf 89' lang='lat' dir='ltr'>verba</span> <span class='ocrx_word' id='word_1_88' title='bbox 516 2684 592 2752; x_wconf 92' lang='lat' dir='ltr'>olim</span> <span class='ocrx_word' id='word_1_89' title='bbox 614 2683 812 2770; x_wconf 90' lang='lat' dir='ltr'>praescripta</span> <span class='ocrx_word' id='word_1_90' title='bbox 841 2701 925 2748; x_wconf 91' lang='lat' dir='ltr'>nunc</span> <span class='ocrx_word' id='word_1_91' title='bbox 954 2681 1052 2767; x_wconf 89' lang='lat' dir='ltr'>plane</span> <span class='ocrx_word' id='word_1_92' title='bbox 1080 2680 1270 2763; x_wconf 84' lang='lat' dir='ltr'>evanuisse,</span> <span class='ocrx_word' id='word_1_93' title='bbox 1304 2672 1389 2760; x_wconf 91' lang='lat' dir='ltr'>quod</span> <span class='ocrx_word' id='word_1_94' title='bbox 1419 2672 1515 2740; x_wconf 85' lang='lat' dir='ltr'>detri-</span> 
     </span>
     <span class='ocr_line' id='line_1_10' title="bbox 78 2778 1516 2877; baseline -0.003 -27"><span class='ocrx_word' id='word_1_95' title='bbox 78 2792 226 2851; x_wconf 88' lang='lat' dir='ltr'>mentum</span> <span class='ocrx_word' id='word_1_96' title='bbox 246 2792 282 2853; x_wconf 89' lang='lat' dir='ltr'>ut</span> <span class='ocrx_word' id='word_1_97' title='bbox 303 2788 500 2874; x_wconf 87' lang='lat' dir='ltr'>resarcirem,</span> <span class='ocrx_word' id='word_1_98' title='bbox 523 2791 605 2871; x_wconf 77' lang='grc' dir='ltr'><strong><em>πρὸς</em></strong></span> <span class='ocrx_word' id='word_1_99' title='bbox 626 2790 669 2877; x_wconf 78' lang='grc' dir='ltr'>τῷ</span> <span class='ocrx_word' id='word_1_100' title='bbox 692 2784 786 2875; x_wconf 73' lang='grc' dir='ltr'>ἡρῴῳ</span> <span class='ocrx_word' id='word_1_101' title='bbox 809 2785 909 2851; x_wconf 75' lang='grc' dir='ltr'><strong><em>αὑτοῦ</em></strong></span> <span class='ocrx_word' id='word_1_102' title='bbox 930 2785 1046 2874; x_wconf 89' lang='lat' dir='ltr'>adjeci,</span> <span class='ocrx_word' id='word_1_103' title='bbox 1070 2780 1337 2871; x_wconf 87' lang='lat' dir='ltr'>quemadmodum</span> <span class='ocrx_word' id='word_1_104' title='bbox 1357 2784 1406 2848; x_wconf 89' lang='lat' dir='ltr'>est</span> <span class='ocrx_word' id='word_1_105' title='bbox 1427 2778 1516 2865; x_wconf 87' lang='lat' dir='ltr'>apud</span> 
     </span>
     <span class='ocr_line' id='line_1_11' title="bbox 79 2885 1528 2980; baseline -0.004 -24"><span class='ocrx_word' id='word_1_106' title='bbox 79 2889 222 2957; x_wconf 87' lang='lat' dir='ltr'>Dionem</span> <span class='ocrx_word' id='word_1_107' title='bbox 244 2890 279 2958; x_wconf 80' lang='lat'>0.</span> <span class='ocrx_word' id='word_1_108' title='bbox 301 2892 384 2978; x_wconf 91' lang='lat' dir='ltr'>LVI,</span> <span class='ocrx_word' id='word_1_109' title='bbox 407 2895 459 2980; x_wconf 87' lang='lat'>33,</span> <span class='ocrx_word' id='word_1_110' title='bbox 488 2894 545 2961; x_wconf 88' lang='lat' dir='ltr'>ubi</span> <span class='ocrx_word' id='word_1_111' title='bbox 573 2893 658 2960; x_wconf 90' lang='lat' dir='ltr'>huno</span> <span class='ocrx_word' id='word_1_112' title='bbox 686 2892 826 2960; x_wconf 85' lang='lat' dir='ltr'>indicem</span> <span class='ocrx_word' id='word_1_113' title='bbox 854 2897 1025 2959; x_wconf 86' lang='lat' dir='ltr'>memorat:</span> <span class='ocrx_word' id='word_1_114' title='bbox 1064 2890 1100 2957; x_wconf 73' lang='grc' dir='ltr'>ἓν</span> <span class='ocrx_word' id='word_1_115' title='bbox 1129 2891 1165 2956; x_wconf 74' lang='grc' dir='ltr'>δὲ</span> <span class='ocrx_word' id='word_1_116' title='bbox 1185 2893 1230 2979; x_wconf 75' lang='grc' dir='ltr'>τῷ</span> <span class='ocrx_word' id='word_1_117' title='bbox 1257 2888 1393 2975; x_wconf 78' lang='grc' dir='ltr'><strong><em>δευτέρῳ</em></strong></span> <span class='ocrx_word' id='word_1_118' title='bbox 1427 2885 1528 2973; x_wconf 72' lang='lat' dir='ltr'>(lyt-v</span> 
     </span>
     <span class='ocr_line' id='line_1_12' title="bbox 79 2987 1516 3084; baseline -0.004 -25"><span class='ocrx_word' id='word_1_119' title='bbox 79 2995 221 3084; x_wconf 76' lang='grc' dir='ltr'><strong><em>γραπτσ)</em></strong></span> <span class='ocrx_word' id='word_1_120' title='bbox 241 2997 278 3060; x_wconf 80' lang='lat' dir='ltr'>cd</span> <span class='ocrx_word' id='word_1_121' title='bbox 296 2997 373 3083; x_wconf 75' lang='grc' dir='ltr'>ἔργα</span> <span class='ocrx_word' id='word_1_122' title='bbox 387 2997 409 3060; x_wconf 79' lang='grc' dir='ltr'>ἅ</span> <span class='ocrx_word' id='word_1_123' title='bbox 424 2997 543 3084; x_wconf 82' lang='grc' dir='ltr'><strong><em>ἔπραξε</em></strong></span> <span class='ocrx_word' id='word_1_124' title='bbox 565 2997 683 3074; x_wconf 74' lang='grc' dir='ltr'><strong><em>πάντα,</em></strong></span> <span class='ocrx_word' id='word_1_125' title='bbox 707 2998 730 3060; x_wconf 77' lang='grc' dir='ltr'><strong><em>ἄ</em></strong></span> <span class='ocrx_word' id='word_1_126' title='bbox 752 3001 805 3060; x_wconf 75' lang='grc' dir='ltr'>καὶ</span> <span class='ocrx_word' id='word_1_127' title='bbox 828 2996 862 3071; x_wconf 77' lang='grc' dir='ltr'>ἐς</span> <span class='ocrx_word' id='word_1_128' title='bbox 882 2995 1005 3077; x_wconf 76' lang='grc' dir='ltr'><strong><em>χαλκοῖς</em></strong></span> <span class='ocrx_word' id='word_1_129' title='bbox 1027 2994 1143 3082; x_wconf 72' lang='grc' dir='ltr'><strong><em>στήλας</em></strong></span> <span class='ocrx_word' id='word_1_130' title='bbox 1169 2995 1251 3083; x_wconf 79' lang='grc' dir='ltr'><strong><em>πρὸς</em></strong></span> <span class='ocrx_word' id='word_1_131' title='bbox 1268 2995 1311 3081; x_wconf 76' lang='grc' dir='ltr'>τῷ</span> <span class='ocrx_word' id='word_1_132' title='bbox 1334 2989 1430 3079; x_wconf 68' lang='grc' dir='ltr'>ἡρῴῳ</span> <span class='ocrx_word' id='word_1_133' title='bbox 1453 2987 1516 3054; x_wconf 79' lang='lat' dir='ltr'>arl-</span> 
     </span>
     <span class='ocr_line' id='line_1_13' title="bbox 80 3096 1516 3189; baseline -0.002 -24"><span class='ocrx_word' id='word_1_134' title='bbox 80 3104 134 3166; x_wconf 79' lang='grc' dir='ltr'>σσῦ</span> <span class='ocrx_word' id='word_1_135' title='bbox 156 3104 332 3177; x_wconf 66' lang='lat' dir='ltr'>madalona</span> <span class='ocrx_word' id='word_1_136' title='bbox 354 3099 587 3189; x_wconf 70' lang='grc' dir='ltr'>ἀναγραφῆναι</span> <span class='ocrx_word' id='word_1_137' title='bbox 609 3101 780 3167; x_wconf 75' lang='grc' dir='ltr'><strong><em>ἐκέλευσεν.</em></strong></span> <span class='ocrx_word' id='word_1_138' title='bbox 839 3101 1078 3187; x_wconf 82' lang='lat' dir='ltr'>Metaphrasta,</span> <span class='ocrx_word' id='word_1_139' title='bbox 1111 3107 1146 3168; x_wconf 85' lang='lat' dir='ltr'>ut</span> <span class='ocrx_word' id='word_1_140' title='bbox 1172 3100 1304 3168; x_wconf 86' lang='lat' dir='ltr'>nonulla</span> <span class='ocrx_word' id='word_1_141' title='bbox 1331 3096 1516 3184; x_wconf 85' lang='lat' dir='ltr'>praetermi-</span> 
     </span>
     <span class='ocr_line' id='line_1_14' title="bbox 81 3200 1514 3296; baseline -0.003 -23"><span class='ocrx_word' id='word_1_142' title='bbox 81 3207 136 3292; x_wconf 90' lang='lat' dir='ltr'>sit,</span> <span class='ocrx_word' id='word_1_143' title='bbox 171 3227 255 3292; x_wconf 89' lang='lat' dir='ltr'>quac</span> <span class='ocrx_word' id='word_1_144' title='bbox 277 3207 311 3274; x_wconf 90' lang='lat' dir='ltr'>in</span> <span class='ocrx_word' id='word_1_145' title='bbox 333 3208 426 3274; x_wconf 92' lang='lat' dir='ltr'>latini</span> <span class='ocrx_word' id='word_1_146' title='bbox 448 3208 589 3296; x_wconf 84' lang='lat' dir='ltr'>exempli</span> <span class='ocrx_word' id='word_1_147' title='bbox 617 3207 869 3294; x_wconf 87' lang='lat' dir='ltr'>praescriptione</span> <span class='ocrx_word' id='word_1_148' title='bbox 891 3211 980 3290; x_wconf 88' lang='lat' dir='ltr'>sunt,</span> <span class='ocrx_word' id='word_1_149' title='bbox 1013 3205 1060 3271; x_wconf 92' lang='lat' dir='ltr'>ita</span> <span class='ocrx_word' id='word_1_150' title='bbox 1082 3203 1148 3272; x_wconf 90' lang='lat' dir='ltr'>alia</span> <span class='ocrx_word' id='word_1_151' title='bbox 1168 3206 1238 3292; x_wconf 90' lang='lat' dir='ltr'>ipsc</span> <span class='ocrx_word' id='word_1_152' title='bbox 1259 3202 1363 3291; x_wconf 90' lang='lat' dir='ltr'>potuit</span> <span class='ocrx_word' id='word_1_153' title='bbox 1385 3200 1514 3268; x_wconf 83' lang='lat' dir='ltr'>addere.</span> 
     </span>
    </p>

    <p class='ocr_par' dir='ltr' id='par_1_2' title="bbox 83 3307 1519 4872">
     <span class='ocr_line' id='line_1_15' title="bbox 170 3307 1515 3400; baseline -0.005 -24"><span class='ocrx_word' id='word_1_154' title='bbox 170 3312 343 3380; x_wconf 87' lang='lat' dir='ltr'>Praeterea</span> <span class='ocrx_word' id='word_1_155' title='bbox 365 3311 479 3398; x_wconf 87' lang='lat' dir='ltr'>scripsi</span> <span class='ocrx_word' id='word_1_156' title='bbox 500 3314 663 3393; x_wconf 79' lang='grc' dir='ltr'><strong><em>Σεβαστοῦ</em></strong></span> <span class='ocrx_word' id='word_1_157' title='bbox 691 3310 803 3400; x_wconf 48' lang='lat' dir='ltr'>[daona</span> <span class='ocrx_word' id='word_1_158' title='bbox 834 3310 875 3386; x_wconf 73' lang='grc' dir='ltr'>ὃς</span> <span class='ocrx_word' id='word_1_159' title='bbox 891 3307 1087 3398; x_wconf 79' lang='grc' dir='ltr'><strong><em>καο]έλοπεν,</em></strong></span> <span class='ocrx_word' id='word_1_160' title='bbox 1118 3310 1333 3378; x_wconf 85' lang='lat' dir='ltr'>Mommscuus</span> <span class='ocrx_word' id='word_1_161' title='bbox 1354 3309 1515 3390; x_wconf 74' lang='grc' dir='ltr'><strong><em>Σεβασοοῡ</em></strong></span> 
     </span>
     <span class='ocr_line' id='line_1_16' title="bbox 84 3410 1515 3505; baseline 0 -27"><span class='ocrx_word' id='word_1_162' title='bbox 84 3410 262 3502; x_wconf 78' lang='grc' dir='ltr'><strong><em>[Καίσαρος</em></strong></span> <span class='ocrx_word' id='word_1_163' title='bbox 282 3414 371 3505; x_wconf 63' lang='lat' dir='ltr'>noll,</span> <span class='ocrx_word' id='word_1_164' title='bbox 400 3415 459 3484; x_wconf 89' lang='lat' dir='ltr'>scd</span> <span class='ocrx_word' id='word_1_165' title='bbox 481 3417 541 3485; x_wconf 93' lang='lat' dir='ltr'>hoc</span> <span class='ocrx_word' id='word_1_166' title='bbox 564 3417 818 3504; x_wconf 89' lang='lat' dir='ltr'>supplementum</span> <span class='ocrx_word' id='word_1_167' title='bbox 840 3415 910 3503; x_wconf 88' lang='lat' dir='ltr'>ipse</span> <span class='ocrx_word' id='word_1_168' title='bbox 932 3414 1049 3481; x_wconf 86' lang='lat' dir='ltr'>deindo</span> <span class='ocrx_word' id='word_1_169' title='bbox 1071 3413 1205 3502; x_wconf 89' lang='lat' dir='ltr'>abjecit,</span> <span class='ocrx_word' id='word_1_170' title='bbox 1239 3436 1312 3482; x_wconf 91' lang='lat' dir='ltr'>cum</span> <span class='ocrx_word' id='word_1_171' title='bbox 1339 3414 1429 3481; x_wconf 87' lang='lat' dir='ltr'>locus</span> <span class='ocrx_word' id='word_1_172' title='bbox 1449 3433 1515 3480; x_wconf 88' lang='lat' dir='ltr'>nou</span> 
     </span>
     <span class='ocr_line' id='line_1_17' title="bbox 83 3518 1516 3607; baseline 0 -23"><span class='ocrx_word' id='word_1_173' title='bbox 83 3520 165 3587; x_wconf 88' lang='lat' dir='ltr'>satis</span> <span class='ocrx_word' id='word_1_174' title='bbox 188 3541 294 3607; x_wconf 84' lang='lat' dir='ltr'>capax</span> <span class='ocrx_word' id='word_1_175' title='bbox 323 3521 494 3588; x_wconf 87' lang='lat' dir='ltr'>videretur.</span> <span class='ocrx_word' id='word_1_176' title='bbox 538 3521 581 3588; x_wconf 85' lang='lat' dir='ltr'>At</span> <span class='ocrx_word' id='word_1_177' title='bbox 611 3541 682 3588; x_wconf 90' lang='lat' dir='ltr'>curn</span> <span class='ocrx_word' id='word_1_178' title='bbox 711 3521 854 3604; x_wconf 89' lang='lat' dir='ltr'>reliquae</span> <span class='ocrx_word' id='word_1_179' title='bbox 884 3520 1026 3606; x_wconf 90' lang='lat' dir='ltr'>paginae</span> <span class='ocrx_word' id='word_1_180' title='bbox 1056 3538 1114 3587; x_wconf 86' lang='lat' dir='ltr'>sex</span> <span class='ocrx_word' id='word_1_181' title='bbox 1144 3526 1307 3606; x_wconf 86' lang='lat' dir='ltr'>septemve</span> <span class='ocrx_word' id='word_1_182' title='bbox 1335 3518 1388 3587; x_wconf 86' lang='lat' dir='ltr'>val</span> <span class='ocrx_word' id='word_1_183' title='bbox 1418 3518 1516 3586; x_wconf 88' lang='lat' dir='ltr'>etiam</span> 
     </span>
     <span class='ocr_line' id='line_1_18' title="bbox 84 3624 1516 3713; baseline -0.003 -22"><span class='ocrx_word' id='word_1_184' title='bbox 84 3631 157 3692; x_wconf 86' lang='lat' dir='ltr'>octo</span> <span class='ocrx_word' id='word_1_185' title='bbox 179 3625 302 3692; x_wconf 85' lang='lat' dir='ltr'>litteras</span> <span class='ocrx_word' id='word_1_186' title='bbox 324 3645 404 3713; x_wconf 84' lang='lat' dir='ltr'>prae</span> <span class='ocrx_word' id='word_1_187' title='bbox 426 3645 461 3692; x_wconf 89' lang='lat' dir='ltr'>sc</span> <span class='ocrx_word' id='word_1_188' title='bbox 483 3625 598 3712; x_wconf 85' lang='lat' dir='ltr'>ferant,</span> <span class='ocrx_word' id='word_1_189' title='bbox 620 3626 655 3692; x_wconf 95' lang='lat' dir='ltr'>in</span> <span class='ocrx_word' id='word_1_190' title='bbox 677 3646 764 3693; x_wconf 92' lang='lat' dir='ltr'>nona</span> <span class='ocrx_word' id='word_1_191' title='bbox 785 3625 918 3712; x_wconf 87' lang='lat' dir='ltr'>pagina,</span> <span class='ocrx_word' id='word_1_192' title='bbox 941 3645 1024 3709; x_wconf 86' lang='lat' dir='ltr'>quae</span> <span class='ocrx_word' id='word_1_193' title='bbox 1046 3624 1254 3713; x_wconf 88' lang='lat' dir='ltr'>desideratur,</span> <span class='ocrx_word' id='word_1_194' title='bbox 1288 3625 1369 3692; x_wconf 89' lang='lat' dir='ltr'>duas</span> <span class='ocrx_word' id='word_1_195' title='bbox 1390 3629 1516 3688; x_wconf 89' lang='lat' dir='ltr'>tantum</span> 
     </span>
     <span class='ocr_line' id='line_1_19' title="bbox 83 3729 1516 3820; baseline -0.003 -26"><span class='ocrx_word' id='word_1_196' title='bbox 83 3729 209 3798; x_wconf 89' lang='lat' dir='ltr'>litteras</span> <span class='ocrx_word' id='word_1_197' title='bbox 230 3735 293 3796; x_wconf 72' lang='lat' dir='ltr'>AS</span> <span class='ocrx_word' id='word_1_198' title='bbox 313 3732 422 3820; x_wconf 85' lang='lat' dir='ltr'>fuisse,</span> <span class='ocrx_word' id='word_1_199' title='bbox 445 3732 542 3819; x_wconf 90' lang='lat' dir='ltr'>plane</span> <span class='ocrx_word' id='word_1_200' title='bbox 564 3737 613 3798; x_wconf 90' lang='lat' dir='ltr'>est</span> <span class='ocrx_word' id='word_1_201' title='bbox 634 3730 831 3799; x_wconf 88' lang='lat' dir='ltr'>incredibile.</span> <span class='ocrx_word' id='word_1_202' title='bbox 874 3731 973 3797; x_wconf 86' lang='lat' dir='ltr'>Porro</span> <span class='ocrx_word' id='word_1_203' title='bbox 996 3729 1088 3796; x_wconf 92' lang='lat' dir='ltr'>vivus</span> <span class='ocrx_word' id='word_1_204' title='bbox 1111 3729 1239 3814; x_wconf 89' lang='lat' dir='ltr'>quidem</span> <span class='ocrx_word' id='word_1_205' title='bbox 1264 3730 1436 3816; x_wconf 88' lang='lat' dir='ltr'>imperator</span> <span class='ocrx_word' id='word_1_206' title='bbox 1458 3730 1516 3791; x_wconf 84' lang='grc' dir='ltr'>Σε-</span> 
     </span>
     <span class='ocr_line' id='line_1_20' title="bbox 84 3835 1516 3928; baseline -0.006 -16"><span class='ocrx_word' id='word_1_207' title='bbox 84 3835 202 3914; x_wconf 60' lang='grc' dir='ltr'><strong><em>βαστός</em></strong></span> <span class='ocrx_word' id='word_1_208' title='bbox 217 3841 349 3925; x_wconf 78' lang='grc' dir='ltr'><strong><em>Καῖσαρ</em></strong></span> <span class='ocrx_word' id='word_1_209' title='bbox 364 3841 417 3911; x_wconf 92' lang='lat' dir='ltr'>vel</span> <span class='ocrx_word' id='word_1_210' title='bbox 435 3841 620 3928; x_wconf 85' lang='lat' dir='ltr'>simpliciter</span> <span class='ocrx_word' id='word_1_211' title='bbox 635 3839 795 3922; x_wconf 76' lang='grc' dir='ltr'><strong><em>Σεβαστὸς</em></strong></span> <span class='ocrx_word' id='word_1_212' title='bbox 811 3844 952 3924; x_wconf 88' lang='lat' dir='ltr'>vocatur,</span> <span class='ocrx_word' id='word_1_213' title='bbox 976 3843 1010 3904; x_wconf 92' lang='lat' dir='ltr'>at</span> <span class='ocrx_word' id='word_1_214' title='bbox 1025 3837 1093 3905; x_wconf 87' lang='lat' dir='ltr'>vita</span> <span class='ocrx_word' id='word_1_215' title='bbox 1117 3837 1301 3906; x_wconf 85' lang='lat' dir='ltr'>defunctum</span> <span class='ocrx_word' id='word_1_216' title='bbox 1317 3857 1374 3905; x_wconf 88' lang='lat' dir='ltr'>suo</span> <span class='ocrx_word' id='word_1_217' title='bbox 1395 3836 1516 3904; x_wconf 90' lang='lat' dir='ltr'>honore</span> 
     </span>
     <span class='ocr_line' id='line_1_21' title="bbox 85 3936 1515 4032; baseline 0.006 -30"><span class='ocrx_word' id='word_1_218' title='bbox 85 3936 237 4006; x_wconf 83' lang='lat' dir='ltr'>fraudare</span> <span class='ocrx_word' id='word_1_219' title='bbox 259 3963 324 4010; x_wconf 92' lang='lat' dir='ltr'>non</span> <span class='ocrx_word' id='word_1_220' title='bbox 346 3943 482 4013; x_wconf 86' lang='lat' dir='ltr'>decebat</span> <span class='ocrx_word' id='word_1_221' title='bbox 505 3944 693 4032; x_wconf 89' lang='lat' dir='ltr'>praesertim</span> <span class='ocrx_word' id='word_1_222' title='bbox 715 3944 749 4009; x_wconf 94' lang='lat' dir='ltr'>in</span> <span class='ocrx_word' id='word_1_223' title='bbox 771 3943 874 4028; x_wconf 90' lang='lat' dir='ltr'>titulo,</span> <span class='ocrx_word' id='word_1_224' title='bbox 900 3942 955 4026; x_wconf 90' lang='lat' dir='ltr'>qui</span> <span class='ocrx_word' id='word_1_225' title='bbox 976 3941 1158 4027; x_wconf 85' lang='lat' dir='ltr'>pertinebat</span> <span class='ocrx_word' id='word_1_226' title='bbox 1179 3942 1223 4008; x_wconf 88' lang='lat' dir='ltr'>ad</span> <span class='ocrx_word' id='word_1_227' title='bbox 1244 3944 1397 4030; x_wconf 90' lang='lat' dir='ltr'>templum</span> <span class='ocrx_word' id='word_1_228' title='bbox 1416 3942 1515 4029; x_wconf 90' lang='lat' dir='ltr'>impe·</span> 
     </span>
     <span class='ocr_line' id='line_1_22' title="bbox 85 4042 1515 4132; baseline 0.006 -26"><span class='ocrx_word' id='word_1_229' title='bbox 85 4042 202 4112; x_wconf 88' lang='lat' dir='ltr'>ratoris</span> <span class='ocrx_word' id='word_1_230' title='bbox 223 4046 346 4113; x_wconf 90' lang='lat' dir='ltr'>numini</span> <span class='ocrx_word' id='word_1_231' title='bbox 361 4054 588 4116; x_wconf 88' lang='lat' dir='ltr'>consecratum.</span> <span class='ocrx_word' id='word_1_232' title='bbox 629 4046 903 4127; x_wconf 79' lang='lat' dir='ltr'>Quemadmodum</span> <span class='ocrx_word' id='word_1_233' title='bbox 924 4045 960 4111; x_wconf 96' lang='lat' dir='ltr'>in</span> <span class='ocrx_word' id='word_1_234' title='bbox 979 4045 1081 4111; x_wconf 89' lang='lat' dir='ltr'>latino</span> <span class='ocrx_word' id='word_1_235' title='bbox 1104 4045 1249 4132; x_wconf 85' lang='lat' dir='ltr'>exemplo</span> <span class='ocrx_word' id='word_1_236' title='bbox 1271 4054 1321 4114; x_wconf 89' lang='lat' dir='ltr'>est</span> <span class='ocrx_word' id='word_1_237' title='bbox 1341 4048 1435 4115; x_wconf 78' lang='lat' dir='ltr'>dicus</span> <span class='ocrx_word' id='word_1_238' title='bbox 1446 4048 1515 4114; x_wconf 83' lang='lat' dir='ltr'>Aa·</span> 
     </span>
     <span class='ocr_line' id='line_1_23' title="bbox 85 4135 1516 4240; baseline 0.005 -26"><span class='ocrx_word' id='word_1_239' title='bbox 85 4155 208 4230; x_wconf 72' lang='lat' dir='ltr'>postas,</span> <span class='ocrx_word' id='word_1_240' title='bbox 238 4149 286 4216; x_wconf 91' lang='lat' dir='ltr'>ita</span> <span class='ocrx_word' id='word_1_241' title='bbox 308 4153 405 4218; x_wconf 90' lang='lat' dir='ltr'>etiam</span> <span class='ocrx_word' id='word_1_242' title='bbox 434 4152 685 4240; x_wconf 81' lang='lat' dir='ltr'>metaphrasten</span> <span class='ocrx_word' id='word_1_243' title='bbox 707 4153 866 4233; x_wconf 72' lang='grc' dir='ltr'><strong><em>Σεβαστοῦ</em></strong></span> <span class='ocrx_word' id='word_1_244' title='bbox 885 4152 969 4215; x_wconf 77' lang='grc' dir='ltr'><strong><em>θεοῦ</em></strong></span> <span class='ocrx_word' id='word_1_245' title='bbox 1001 4135 1167 4237; x_wconf 82' lang='lat' dir='ltr'>scripsisse</span> <span class='ocrx_word' id='word_1_246' title='bbox 1190 4159 1438 4222; x_wconf 89' lang='lat' dir='ltr'>consentancum</span> <span class='ocrx_word' id='word_1_247' title='bbox 1459 4159 1516 4221; x_wconf 85' lang='lat' dir='ltr'>est.</span> 
     </span>
     <span class='ocr_line' id='line_1_24' title="bbox 88 4253 1517 4342; baseline 0.003 -22"><span class='ocrx_word' id='word_1_248' title='bbox 88 4253 174 4324; x_wconf 86' lang='lat' dir='ltr'>Sane</span> <span class='ocrx_word' id='word_1_249' title='bbox 202 4259 370 4326; x_wconf 89' lang='lat' dir='ltr'>verborum</span> <span class='ocrx_word' id='word_1_250' title='bbox 401 4261 542 4329; x_wconf 88' lang='lat' dir='ltr'>solennis</span> <span class='ocrx_word' id='word_1_251' title='bbox 570 4260 647 4328; x_wconf 89' lang='lat' dir='ltr'>ordo</span> <span class='ocrx_word' id='word_1_252' title='bbox 677 4261 759 4324; x_wconf 71' lang='grc' dir='ltr'><strong><em>θεοῦ</em></strong></span> <span class='ocrx_word' id='word_1_253' title='bbox 780 4260 942 4341; x_wconf 71' lang='grc' dir='ltr'><strong><em>Σεβαστοῦ</em></strong></span> <span class='ocrx_word' id='word_1_254' title='bbox 963 4262 1030 4342; x_wconf 91' lang='lat' dir='ltr'>est,</span> <span class='ocrx_word' id='word_1_255' title='bbox 1064 4257 1122 4325; x_wconf 89' lang='lat' dir='ltr'>sed</span> <span class='ocrx_word' id='word_1_256' title='bbox 1151 4257 1194 4325; x_wconf 94' lang='lat' dir='ltr'>ad</span> <span class='ocrx_word' id='word_1_257' title='bbox 1223 4257 1359 4326; x_wconf 86' lang='lat' dir='ltr'>eundem</span> <span class='ocrx_word' id='word_1_258' title='bbox 1387 4257 1517 4326; x_wconf 89' lang='lat' dir='ltr'>modum</span> 
     </span>
     <span class='ocr_line' id='line_1_25' title="bbox 89 4361 1515 4450; baseline 0.001 -26"><span class='ocrx_word' id='word_1_259' title='bbox 89 4361 143 4442; x_wconf 89' lang='lat' dir='ltr'>qui</span> <span class='ocrx_word' id='word_1_260' title='bbox 167 4365 293 4447; x_wconf 72' lang='grc' dir='ltr'><strong><em>Καῖσαρ</em></strong></span> <span class='ocrx_word' id='word_1_261' title='bbox 315 4367 475 4448; x_wconf 79' lang='grc' dir='ltr'><strong><em>Σεβαστὸς</em></strong></span> <span class='ocrx_word' id='word_1_262' title='bbox 498 4365 563 4432; x_wconf 89' lang='lat' dir='ltr'>dici</span> <span class='ocrx_word' id='word_1_263' title='bbox 575 4365 666 4450; x_wconf 90' lang='lat' dir='ltr'>solet,</span> <span class='ocrx_word' id='word_1_264' title='bbox 687 4384 916 4448; x_wconf 88' lang='lat' dir='ltr'>nonnunquam</span> <span class='ocrx_word' id='word_1_265' title='bbox 937 4361 1047 4430; x_wconf 90' lang='lat' dir='ltr'>ordine</span> <span class='ocrx_word' id='word_1_266' title='bbox 1068 4363 1196 4431; x_wconf 90' lang='lat' dir='ltr'>inverso</span> <span class='ocrx_word' id='word_1_267' title='bbox 1210 4364 1369 4446; x_wconf 68' lang='grc' dir='ltr'><strong><em>Σεβαστὸς</em></strong></span> <span class='ocrx_word' id='word_1_268' title='bbox 1390 4368 1515 4448; x_wconf 68' lang='grc' dir='ltr'><strong><em>Καῖσαρ</em></strong></span> 
     </span>
     <span class='ocr_line' id='line_1_26' title="bbox 87 4466 1517 4556; baseline 0.003 -29"><span class='ocrx_word' id='word_1_269' title='bbox 87 4466 276 4552; x_wconf 88' lang='lat' dir='ltr'>appellatur,</span> <span class='ocrx_word' id='word_1_270' title='bbox 307 4475 343 4535; x_wconf 91' lang='lat' dir='ltr'>ut</span> <span class='ocrx_word' id='word_1_271' title='bbox 364 4469 399 4535; x_wconf 94' lang='lat' dir='ltr'>in</span> <span class='ocrx_word' id='word_1_272' title='bbox 420 4475 527 4537; x_wconf 89' lang='lat' dir='ltr'>statua</span> <span class='ocrx_word' id='word_1_273' title='bbox 550 4470 742 4555; x_wconf 79' lang='lat' dir='ltr'>Corcyrensi</span> <span class='ocrx_word' id='word_1_274' title='bbox 764 4467 813 4556; x_wconf 82' lang='lat' dir='ltr'>(c.</span> <span class='ocrx_word' id='word_1_275' title='bbox 835 4469 860 4534; x_wconf 92' lang='lat' dir='ltr'>I.</span> <span class='ocrx_word' id='word_1_276' title='bbox 883 4468 937 4535; x_wconf 77' lang='lat' dir='ltr'>Gr.</span> <span class='ocrx_word' id='word_1_277' title='bbox 961 4466 1069 4555; x_wconf 77' lang='lat'>1879),</span> <span class='ocrx_word' id='word_1_278' title='bbox 1099 4469 1155 4535; x_wconf 91' lang='lat' dir='ltr'>ubi</span> <span class='ocrx_word' id='word_1_279' title='bbox 1178 4468 1387 4537; x_wconf 83' lang='lat' dir='ltr'>Germanicus</span> <span class='ocrx_word' id='word_1_280' title='bbox 1409 4470 1517 4550; x_wconf 72' lang='grc' dir='ltr'><strong><em>Σεβα-</em></strong></span> 
     </span>
     <span class='ocr_line' id='line_1_27' title="bbox 89 4571 1516 4661; baseline 0.007 -33"><span class='ocrx_word' id='word_1_281' title='bbox 89 4572 159 4632; x_wconf 80' lang='grc' dir='ltr'>σοοό</span> <span class='ocrx_word' id='word_1_282' title='bbox 183 4573 344 4658; x_wconf 74' lang='grc' dir='ltr'><strong><em>Καίσαρος</em></strong></span> <span class='ocrx_word' id='word_1_283' title='bbox 366 4572 481 4650; x_wconf 75' lang='lat' dir='ltr'>slavor</span> <span class='ocrx_word' id='word_1_284' title='bbox 502 4573 626 4641; x_wconf 87' lang='lat' dir='ltr'>dicitur.</span> <span class='ocrx_word' id='word_1_285' title='bbox 663 4573 766 4640; x_wconf 89' lang='lat' dir='ltr'>Huius</span> <span class='ocrx_word' id='word_1_286' title='bbox 787 4592 864 4640; x_wconf 90' lang='lat' dir='ltr'>vero</span> <span class='ocrx_word' id='word_1_287' title='bbox 885 4571 1035 4639; x_wconf 90' lang='lat' dir='ltr'>licentiae</span> <span class='ocrx_word' id='word_1_288' title='bbox 1057 4571 1147 4638; x_wconf 91' lang='lat' dir='ltr'>aliud</span> <span class='ocrx_word' id='word_1_289' title='bbox 1167 4573 1348 4661; x_wconf 85' lang='lat' dir='ltr'>exemplum</span> <span class='ocrx_word' id='word_1_290' title='bbox 1367 4573 1403 4640; x_wconf 92' lang='lat' dir='ltr'>in</span> <span class='ocrx_word' id='word_1_291' title='bbox 1424 4592 1516 4659; x_wconf 88' lang='lat' dir='ltr'>prae-</span> 
     </span>
     <span class='ocr_line' id='line_1_28' title="bbox 88 4673 1517 4766; baseline 0.003 -30"><span class='ocrx_word' id='word_1_292' title='bbox 88 4673 192 4740; x_wconf 89' lang='lat' dir='ltr'>sentia</span> <span class='ocrx_word' id='word_1_293' title='bbox 221 4695 286 4743; x_wconf 92' lang='lat' dir='ltr'>non</span> <span class='ocrx_word' id='word_1_294' title='bbox 308 4679 467 4765; x_wconf 90' lang='lat' dir='ltr'>suppetit,</span> <span class='ocrx_word' id='word_1_295' title='bbox 500 4679 632 4744; x_wconf 90' lang='lat' dir='ltr'>namin</span> <span class='ocrx_word' id='word_1_296' title='bbox 652 4677 745 4744; x_wconf 89' lang='lat' dir='ltr'>titulo</span> <span class='ocrx_word' id='word_1_297' title='bbox 766 4677 927 4744; x_wconf 89' lang='lat' dir='ltr'>Laconico</span> <span class='ocrx_word' id='word_1_298' title='bbox 952 4676 1034 4743; x_wconf 71' lang='lat'><strong>1317</strong></span> <span class='ocrx_word' id='word_1_299' title='bbox 1045 4701 1053 4744; x_wconf 75' lang='grc' dir='ltr'><strong><em>ε</em></strong></span> <span class='ocrx_word' id='word_1_300' title='bbox 1087 4675 1319 4764; x_wconf 74' lang='grc' dir='ltr'><strong><em>Αὐεοκραεορα</em></strong></span> <span class='ocrx_word' id='word_1_301' title='bbox 1341 4675 1517 4766; x_wconf 53' lang='lat' dir='ltr'>liobrado</span> 
     </span>
     <span class='ocr_line' id='line_1_29' title="bbox 89 4774 1519 4872; baseline 0.005 -33"><span class='ocrx_word' id='word_1_302' title='bbox 89 4777 136 4843; x_wconf 91' lang='lat' dir='ltr'>M.</span> <span class='ocrx_word' id='word_1_303' title='bbox 165 4774 330 4866; x_wconf 73' lang='grc' dir='ltr'>Αῠρήλοον</span> <span class='ocrx_word' id='word_1_304' title='bbox 355 4778 585 4872; x_wconf 74' lang='grc' dir='ltr'>Ἅνσοο[ν]ἐῖνον</span> <span class='ocrx_word' id='word_1_305' title='bbox 614 4784 686 4864; x_wconf 68' lang='lat' dir='ltr'>sap.</span> <span class='ocrx_word' id='word_1_306' title='bbox 721 4783 804 4846; x_wconf 79' lang='grc' dir='ltr'><strong><em>θεοῦ</em></strong></span> <span class='ocrx_word' id='word_1_307' title='bbox 829 4779 1057 4870; x_wconf 58' lang='lat' dir='ltr'>{sufflandum</span> <span class='ocrx_word' id='word_1_308' title='bbox 1093 4778 1168 4849; x_wconf 75' lang='grc' dir='ltr'>οἶόν</span> <span class='ocrx_word' id='word_1_309' title='bbox 1207 4789 1317 4851; x_wconf 84' lang='lat' dir='ltr'>uotam</span> <span class='ocrx_word' id='word_1_310' title='bbox 1357 4783 1519 4866; x_wconf 70' lang='grc' dir='ltr'>Σεβαστὸν</span> 
     </span>
    </p>
   </div>
   <div class='ocr_carea' id='block_1_2' title="bbox 94 4917 377 4940">
    <p class='ocr_par' dir='ltr' id='par_1_3' title="bbox 94 4917 377 4940">
     <span class='ocr_line' id='line_1_30' title="bbox 94 4917 377 4940; baseline 0 0"><span class='ocrx_word' id='word_1_311' title='bbox 94 4917 377 4940; x_wconf 47' lang='lat' dir='ltr'>m·—</span> 
     </span>
    </p>
   </div>
   <div class='ocr_carea' id='block_1_3' title="bbox 162 4995 1288 5078">
    <p class='ocr_par' dir='ltr' id='par_1_4' title="bbox 162 4995 1288 5078">
     <span class='ocr_line' id='line_1_31' title="bbox 162 4995 1288 5078; baseline 0.008 -26"><span class='ocrx_word' id='word_1_312' title='bbox 162 4995 191 5070; x_wconf 88' lang='lat'>1)</span> <span class='ocrx_word' id='word_1_313' title='bbox 208 4996 243 5055; x_wconf 89' lang='lat' dir='ltr'>ln</span> <span class='ocrx_word' id='word_1_314' title='bbox 260 4998 391 5074; x_wconf 80' lang='lat' dir='ltr'>exemplo</span> <span class='ocrx_word' id='word_1_315' title='bbox 407 5001 605 5077; x_wconf 82' lang='lat' dir='ltr'>Apolloniensi</span> <span class='ocrx_word' id='word_1_316' title='bbox 621 4997 819 5074; x_wconf 75' lang='lat' dir='ltr'>inscriptionis</span> <span class='ocrx_word' id='word_1_317' title='bbox 834 5001 948 5060; x_wconf 86' lang='lat' dir='ltr'>nullum</span> <span class='ocrx_word' id='word_1_318' title='bbox 962 4999 1118 5076; x_wconf 80' lang='lat' dir='ltr'>vestigium</span> <span class='ocrx_word' id='word_1_319' title='bbox 1133 5005 1288 5078; x_wconf 78' lang='lat' dir='ltr'>comparet</span> 
     </span>
    </p>
   </div>
   <div class='ocr_carea' id='block_1_4' title="bbox 1176 5132 1232 5202">
    <p class='ocr_par' dir='ltr' id='par_1_5' title="bbox 1176 5132 1232 5202">
     <span class='ocr_line' id='line_1_32' title="bbox 1176 5132 1232 5202; baseline 0 -30"><span class='ocrx_word' id='word_1_320' title='bbox 1176 5132 1232 5202; x_wconf 66' lang='grc'>21</span> 
     </span>
    </p>
   </div>
   <div class='ocr_carea' id='block_1_5' title="bbox 0 0 1716 5510">
    <p class='ocr_par' dir='ltr' id='par_1_6' title="bbox 0 0 1716 5510">
     <span class='ocr_line' id='line_1_33' title="bbox 0 0 1716 5510; baseline 0 0"><span class='ocrx_word' id='word_1_321' title='bbox 0 0 1716 5510; x_wconf 95' lang='lat' dir='ltr'> </span> 
     </span>
    </p>
   </div>
  </div>
 </body>
</html>
