3384 5510
727 335 773 404 35

41 504 143 594 patris
164 505 283 593 patrati
305 505 412 576 officio
434 507 577 574 mudum
598 527 669 574 csse
684 506 728 596 1);
757 506 893 576 fortasse
921 507 1021 592 igitur
1038 505 1109 592 jam
1130 526 1215 574 anuo
1237 505 1383 592 proximo
1404 501 1468 591 pri·

42 633 96 680 ore
117 615 136 680 7
140 613 199 700 21,
228 633 300 680 cum
320 612 396 679 belli
417 619 528 682 contra
549 611 724 678 Antonium
746 612 880 697 gerendi
901 613 1076 680 necessitas
1098 612 1293 699 immineret,
1329 611 1466 696 collegio

42 717 200 784 fetialium
221 717 398 804 supplendo
419 723 638 804 prospexerat,
658 711 762 801 neque
778 737 854 783 vero
877 716 918 783 de
939 738 1071 786 numero
1092 717 1299 804 patriciorum
1319 713 1470 802 augendo

42 823 196 909 populum
229 823 366 908 rogavit,
398 823 456 890 sed
485 824 565 890 satis
594 822 708 889 habuit
735 821 780 889 ad
801 829 948 890 senatum
976 822 1095 890 referre
1108 821 1144 911 2).
1187 823 1226 888 In
1247 821 1354 888 indice
1375 820 1472 908 hujus

42 928 91 994 rei
116 929 303 994 memoriam
323 928 537 1014 praetermisit
557 929 732 1014 Augustus,
764 929 917 1013 quoniam
937 948 1062 1016 paucae
1084 934 1207 995 tantum
1229 934 1341 1014 gentes
1362 925 1474 995 ridetu-

43 1039 94 1099 tur
115 1033 252 1100 alleetac
273 1031 391 1120 esse³),
413 1053 517 1117 neque
537 1035 617 1100 setis
638 1034 781 1118 legitime
804 1041 879 1102 tunc
901 1055 952 1103 res
974 1042 1139 1103 transacta
1161 1041 1219 1102 est.

131 1139 168 1205 P.
189 1139 231 1224 II,
254 1140 284 1204 2.
328 1138 485 1224 Copulam
512 1146 543 1205 et
571 1138 712 1206 alienam
743 1161 813 1206 esse
843 1161 865 1206 a
885 1141 1043 1229 principio
1074 1140 1170 1228 hujus
1200 1138 1358 1207 enuntiati
1387 1143 1474 1205 recte

45 1242 274 1310 animadvertit
293 1245 525 1331 Mommsenns,
558 1264 662 1330 neque
685 1265 822 1330 graecus
843 1247 999 1336 interpres
1021 1247 1154 1335 reperit,
1186 1264 1298 1315 verum
1326 1265 1391 1314 nou
1426 1250 1475 1312 est

45 1347 194 1434 delenda,
217 1347 275 1415 sed
295 1349 502 1435 trajicienda:

176 1453 216 1519 In
240 1455 406 1521 consulatu
428 1460 520 1521 sexto
543 1473 673 1522 censum
694 1455 805 1544 populi
827 1455 963 1542 conlega
984 1456 1026 1525 M.
1037 1458 1185 1548 Agrippa
1206 1458 1270 1545 egi,
1292 1463 1322 1526 et
1342 1455 1476 1525 lustrum

175 1567 249 1646 post
269 1581 388 1626 annum
411 1561 545 1628 alterum
567 1567 599 1629 et
620 1561 900 1647 quadragesimum
921 1562 993 1629 feci.

46 1683 122 1732 nam
136 1671 173 1731 ut
193 1667 249 1734 illo
271 1666 341 1733 loco
363 1665 545 1752 importuna
567 1673 615 1733 est
637 1667 827 1754 convinctio,
849 1669 895 1734 itu
911 1667 964 1734 hic
978 1687 1077 1754 aegre
1092 1690 1132 1737 ea
1148 1688 1302 1736 caremus.
1334 1669 1477 1736 Primum

47 1765 133 1834 huuc
166 1789 297 1836 censum
323 1771 539 1839 Mommsenus
575 1770 652 1838 dicit
680 1793 711 1859 p.
732 1773 775 1838 23
801 1772 983 1858 Augustum
1019 1773 1200 1861 consulem,
1237 1771 1413 1841 secundum
1446 1780 1480 1841 et

47 1874 177 1941 tertium
199 1875 359 1943 consulari
381 1895 453 1942 cum
482 1875 615 1962 imperio
644 1876 766 1960 egisse:
798 1865 865 1944 luit
884 1897 964 1944 saue
984 1878 1151 1963 Augustus
1177 1899 1207 1947 a.
1230 1880 1294 1946 725
1317 1879 1428 1947 consul
1448 1878 1479 1946 V
1499 1935 1502 1940 ,

7 2009 8 2046 r
49 1976 231 2063 collegas.
253 1979 426 2068 Appulejo,
459 1981 576 2048 1126
605 1982 716 2048 consul
737 1981 784 2048 VI
813 1982 938 2067 collega
968 1983 1010 2049 Μ.
1031 1983 1189 2070 Agrippa,
1223 1982 1314 2072 (nam
1341 2003 1400 2070 per
1420 1981 1480 2050 hos

51 2081 131 2150 duos
155 2104 258 2152 annos
281 2092 371 2153 actus
394 2093 444 2154 est
464 2086 603 2174 census),
625 2105 735 2154 verum
756 2107 887 2154 ecnsnm
908 2089 1103 2173 lustrumque
1125 2089 1202 2156 iecit
1223 2088 1371 2157 censoria
1392 2095 1481 2175 pote·

50 2193 142 2275 state,
166 2189 257 2276 cujus
278 2191 376 2258 etiam
386 2191 527 2258 Messala
549 2210 679 2259 consors
700 2191 770 2278 fuit,
792 2198 827 2258 ut
847 2193 1059 2260 testificantur
1079 2194 1173 2262 Fasti
1182 2194 1339 2262 Venusini
1360 2192 1410 2282 (Ο.
1432 2193 1481 2262 11.

50 2293 87 2360 L.
108 2293 135 2380 I,
157 2315 188 2381 p.
210 2295 308 2384 4611),
331 2296 387 2363 ubi
409 2317 439 2362 a.
461 2297 526 2362 726
547 2295 628 2363 haec
649 2296 817 2380 leguntur:

287 2401 373 2467 IMP.
394 2401 571 2469 CAESAR.
592 2401 647 2468 Vl.
669 2402 711 2467 M.
733 2399 932 2468 AGRIPPA.
953 2403 996 2468 II.

288 2506 407 2574 IDEM.
430 2507 652 2576 CENSORIA.
674 2506 848 2574 POTHST.
870 2507 1080 2577 LVSTRVM.
1101 2508 1252 2576 VHOHR.

53 2607 139 2676 Suet
161 2610 216 2678 vit.
237 2611 320 2696 Aug.
342 2614 383 2679 27
407 2633 521 2680 census
543 2613 585 2679 ab
607 2614 754 2698 Augusto
777 2619 865 2681 actos
889 2611 933 2678 ad
954 2633 1079 2697 morum
1099 2614 1244 2699 regimen
1264 2614 1403 2682 rettulit:
1424 2637 1481 2681 re·

53 2717 136 2799 cepit
160 2723 190 2784 et
210 2737 334 2784 moram
357 2720 520 2804 lepramque
552 2721 693 2804 repimea
722 2741 820 2804 cepae
842 2727 1053 2805 perpetuum,
1086 2741 1147 2806 pao
1178 2722 1253 2806 p‘arc
1289 2741 1513 2821 1666161616Ι

8 2977 10 3016 ἶ
126 2982 155 3056 1)
173 2980 227 3041 Dic
247 2985 277 3041 0.
295 2984 325 3054 L,
344 2985 375 3040 4:
394 2985 441 3039 aci
458 2983 526 3057 πρός
543 2984 571 3040 τὸ
587 2985 706 3040 'Erucius
723 2983 845 3066 {tetum
862 2986 950 3040 πάντα
967 2986 998 3039 τὰ
1016 2988 1188 3059 προπολέμια
1206 2987 1272 3042 κατὰ
1290 2989 1319 3044 τὸ
1338 2989 1482 3062 νομιζόμε-

56 3091 103 3126 νον
120 3073 169 3127 διὰ
185 3073 231 3128 τοῦ
248 3079 395 3148 Καίσαρος,
423 3075 461 3136 ὥς
478 3075 525 3130 καὶ
550 3079 705 3147 perscitus,
727 3077 863 3142 luctarer.
900 3077 1030 3150 Augusto
1054 3078 1145 3150 patris
1163 3080 1271 3152 patrati
1289 3079 1365 3136 vices
1383 3079 1483 3150 tribui,

55 3177 148 3233 neque
167 3165 282 3221 obstant
301 3183 373 3234 quae
392 3166 506 3222 Hubinc
525 3165 706 3236 (Untersueh.
726 3168 795 3224 iiber
813 3167 839 3220 d.
858 3173 928 3223 rom.
947 3167 1025 3223 Verf.
1042 3186 1069 3239 p.
1092 3169 1143 3224 172
1161 3186 1218 3240 seq.
1248 3171 1400 3242 Vorgesch.
1419 3169 1484 3226 Ital.

9 3301 10 3332 ,
58 3253 120 3325 188)
140 3271 175 3310 ea
194 3255 229 3312 de
247 3275 277 3313 re
297 3257 463 3328 disputavit,
487 3258 538 3328 qui
563 3260 679 3328 quidem
697 3258 845 3315 contendit
868 3275 926 3314 non
944 3276 1054 3331 semper
1073 3259 1184 3328 patrem
1199 3261 1346 3331 patratum
1364 3279 1379 3317 e
1399 3261 1484 3318 colle·

56 3344 102 3413 gio
121 3345 265 3402 fetialium
282 3348 377 3406 luisse.
414 3349 559 3421 Augustus
578 3349 665 3404 etiem
684 3350 783 3419 postea
801 3347 914 3404 videtur
940 3349 993 3405 hoc
1012 3348 1164 3420 collegium
1183 3349 1356 3418 adhibuisse,
1386 3369 1485 3420 quam·

9 3503 10 3510 ἵ
58 3454 143 3505 quarn
162 3439 236 3496 nihil
252 3457 287 3496 eu
305 3439 340 3496 dc
358 3458 388 3496 re
407 3439 552 3511 proditum
571 3441 626 3504 est,
653 3456 719 3494 nam
738 3438 857 3493 Antistii
876 3438 988 3494 Veteris
1005 3438 1115 3498 nummi
1133 3437 1205 3508 (cusi
1223 3441 1298 3498 circa
1316 3459 1342 3498 a.
1361 3442 1434 3513 738),
1453 3440 1485 3499 in

9 3519 10 3544 ³
58 3530 160 3597 quibus
178 3531 285 3602 legitur
295 3533 398 3602 foedus
419 3532 452 3586 P.
465 3533 502 3585 R.
525 3548 584 3585 cunr
601 3531 705 3597 Gabia,
724 3531 850 3586 veterem
868 3531 1034 3586 memoriam
1052 3532 1191 3588 renovant
1209 3530 1240 3586 in
1258 3530 1393 3586 honorem
1403 3528 1485 3584 Anti·

58 3619 128 3675 stiae
142 3621 244 3692 gentis,
264 3639 336 3690 quae
347 3621 445 3677 Gabiis
464 3619 584 3677 oriunda
602 3620 665 3685 fuit,
685 3620 742 3676 vid.
761 3621 876 3690 Dionys.
888 3621 936 3686 IV,
950 3624 993 3676 57.
1021 3621 1101 3689 Quod
1114 3620 1229 3675 Sueten.
1242 3620 1315 3692 Aug.
1330 3621 1362 3673 21
1377 3619 1484 3686 narrat,

58 3708 215 3780 principem
234 3710 410 3778 quorundam
430 3709 614 3766 barbarorum
632 3707 774 3779 principes
786 3709 817 3764 in
834 3709 903 3766 aede
917 3710 1018 3765 Martis
1031 3711 1128 3781 jurare
1147 3709 1281 3781 coegisse,
1297 3725 1443 3764 mansuros
1455 3723 1485 3762 se

10 3859 11 3862 Ἴ
58 3795 88 3851 in
109 3797 164 3854 fido
188 3815 222 3854 ac
244 3817 314 3870 pecs
338 3815 424 3868 quam
442 3800 587 3870 peterent,
611 3797 724 3854 fetiales
742 3797 887 3853 adhibitos
911 3817 970 3854 esse
989 3799 1143 3855 verisimile
1162 3800 1213 3854 est.
1250 3795 1399 3852 Claudium
1418 3811 1486 3851 vero

10 3941 11 3944 ,
59 3889 178 3954 constat,
206 3890 239 3944 ut
257 3889 335 3945 Suet.
354 3887 453 3944 Claud.
472 3889 506 3944 25
525 3887 620 3952 refert,
648 3903 712 3941 cum
735 3886 851 3957 regibus
874 3885 971 3943 foedus
994 3888 1023 3942 in
1043 3888 1104 3944 loro
1122 3887 1209 3955 ,icisse
1234 3901 1321 3957 porca
1352 3901 1433 3941 caesa
1451 3899 1485 3940 ac

10 3963 11 3968 ἵ
60 3980 156 4034 vetere
168 3977 311 4034 fetialium
322 3980 485 4051 precatione
498 3976 636 4032 adhibita.
664 3975 719 4030 Sed
731 3992 799 4032 cave
812 3976 897 4032 fidem
909 3976 1193 4032 habeasMommseno
1206 3975 1349 4030 necron.
1360 3974 1422 4039 818,
1436 3971 1487 4041 qui

59 4063 201 4122 fetialium
221 4085 344 4135 carmen,
369 4085 424 4138 quo
442 4068 564 4125 Romani
582 4066 783 4123 Hermundulis
800 4067 908 4122 bellum
925 4067 1065 4134 indicunt,
1090 4066 1205 4123 rettulit
1221 4065 1259 4122 ad
1277 4063 1385 4122 liberii
1403 4080 1487 4135 expe·

63 4153 183 4212 ditiones
197 4176 248 4228 per
261 4157 442 4213 Germaniam
454 4158 520 4213 inde
534 4158 570 4212 ab
583 4174 609 4212 a.
623 4157 674 4212 757
693 4154 791 4220 factas,
810 4172 923 4211 carmen
935 4155 1007 4210 illud
1020 4157 1117 4210 fiotum
1129 4173 1147 4211 a
1161 4155 1257 4212 Cincio
1270 4153 1355 4224 (Gell.
1368 4153 1442 4216 XVI,
1457 4151 1487 4222 4)

62 4247 153 4302 ratus:
172 4247 245 4302 mihi
263 4247 322 4303 tam
341 4266 506 4320 germanum
525 4247 647 4312 videtur,
665 4261 751 4314 quam
765 4245 813 4315 jus
827 4244 982 4315 jurandum
1001 4244 1126 4300 militare
1145 4242 1291 4308 1111564,
1317 4240 1392 4309 quod
1410 4239 1487 4294 idem

62 4331 174 4390 Cincius
197 4335 393 4407 adscripscrat.
436 4336 574 4408 conjicias
598 4352 711 4391 carmen
739 4333 808 4389 belli
832 4333 978 4389 indicendi
1001 4333 1037 4388 ad
1055 4333 1217 4405 proximum
1241 4329 1365 4401 priorem
1382 4343 1489 4384 annum

63 4421 114 4479 563
127 4441 185 4480 esse
198 4425 383 4493 referendum,
396 4427 430 4481 ut
441 4427 562 4498 populus
573 4423 782 4482 Hermundulus
794 4423 925 4478 fueritin
937 4421 1032 4478 Gallis
1043 4423 1181 4494 cisalpina
1195 4419 1285 4478 socius
1297 4417 1439 4482 Boiorum,
1453 4415 1488 4472 dc

63 4514 165 4582 quibus
184 4513 330 4572 Cornelius
348 4513 444 4586 Scipio
462 4514 559 4572 consul
577 4514 637 4586 ejus
655 4511 724 4570 anni
741 4511 945 4582 triumphavit:
974 4529 1008 4568 ac
1026 4510 1145 4568 fortasse
1163 4507 1351 4566 Hermunduli
1373 4507 1488 4563 Germa·

63 4602 127 4660 nica
145 4605 240 4676 potius
259 4623 345 4675 quam
364 4605 472 4662 Celtica
490 4607 579 4676 stirpe
598 4603 712 4661 oriundi
730 4602 852 4670 fuerunt,
878 4601 1115 4672 quemadmodum
1132 4619 1157 4658 a.
1177 4600 1230 4658 532
1248 4600 1284 4656 dc
1302 4597 1490 4656 (1611161161-

65 4689 161 4749 bribus
180 4696 210 4750 et
228 4694 374 4752 Germanis
392 4698 436 4752 est
453 4694 671 4766 triumphatum.

133 4781 161 4856 2)
180 4783 234 4840 Dic
264 4785 339 4841 certe
362 4785 459 4854 XLIX,
485 4784 520 4839 43
548 4781 619 4839 dicit
645 4780 834 4854 ψηφισαμένης
854 4779 896 4848 τῆς
918 4777 1023 4851 βουλῆς,
1050 4797 1223 4854 quamquam
1247 4779 1273 4836 is
1295 4777 1428 4835 similiter
1455 4769 1491 4831 dc

63 4869 152 4930 alters
169 4873 320 4932 allectione
337 4871 432 4943 refert,
450 4872 513 4946 ipso
528 4873 658 4945 Augusto
675 4870 851 4927 adversante.
980 4883 984 4889 ’

140 4963 169 5035 t)
189 4963 244 5022 Dio
267 4961 341 5028 τινὸς
365 4964 505 5039 σῖσὴγαγσν
521 4963 648 5038 scripsit,
677 4961 726 5020 scd
750 4959 786 5020 dc
802 4960 895 5019 altera
912 4959 988 5022 vicet
1017 4957 1405 5035 rememoreramus
1418 4968 1492 5014 συνε-

1153 5171 1207 5256 8⁴!
