3384 5510
772 315 811 394 11

82 499 134 571 tel
155 500 198 570 ab
219 501 342 570 Asiana
364 497 503 588 civitate,
526 497 578 567 cui
596 495 677 567 haec
699 497 846 586 exempla
868 517 889 565 a
909 493 1067 585 principio
1089 491 1250 564 destinata
1272 491 1370 581 fuere,
1392 489 1502 562 iidem·

83 629 145 694 que
172 609 313 678 vicissim
335 609 492 678 Graecam
520 607 814 695 interpretationem
843 589 1155 676 communicaverunt
1177 624 1248 670 cum
1270 603 1504 690 Apolloniensi·

82 715 152 782 hua
186 716 353 802 Aneyrani
374 716 500 783 titulum
522 715 657 802 latinum
682 713 717 780 in
739 713 829 780 aedis
851 713 1027 799 parietibus
1048 709 1254 778 incidendum
1275 710 1508 778 mandaverunt

82 821 202 890 homini
225 823 336 909 opinor
357 825 522 906 Romano,
555 842 630 886 nam
661 840 790 906 prorsus
820 821 964 886 urbanae
993 817 1210 904 inscriptionis
1241 817 1380 902 speciem
1400 815 1507 897 refert,

82 926 256 1012 seduloque
279 929 365 995 cavit
387 927 496 1014 opifex
519 927 561 992 ab
585 927 754 1012 erroribus,
778 927 840 993 nisi
852 927 939 1011 qnod
959 927 1081 994 leviora
1104 922 1263 1009 quaedam
1284 922 1414 990 admisit
1435 944 1508 1010 pee-

83 1039 165 1120 cata,
186 1035 274 1101 velut
295 1034 349 1120 IV,
372 1035 414 1100 22
436 1034 553 1099 alchu
583 1054 642 1118 pro
672 1033 778 1098 aedom
808 1031 910 1120 (quod
939 1033 1044 1119 ipsum
1067 1031 1174 1099 Ohish.
1198 1033 1230 1096 et
1250 1028 1395 1096 Mordtm.
1418 1029 1507 1096 exhi·

44 1151 49 1161 ·
81 1139 182 1227 bent,)
213 1140 267 1226 IV,
291 1141 331 1206 31
356 1139 601 1219 QVINQVENS
634 1135 675 1224 (si
697 1157 809 1204 revera
839 1137 900 1204 hoc
928 1142 1017 1204 extat
1037 1137 1070 1202 in
1093 1134 1221 1222 lapide,
1244 1155 1320 1201 nam
1342 1137 1409 1204 alia
1431 1157 1507 1222 apo-

83 1247 208 1333 grapha
248 1245 509 1326 Qvlhovlaus
550 1241 731 1329 exhibent),
763 1243 822 1328 IV,
858 1243 901 1308 46
935 1243 1127 1310 DVCENTI
1168 1239 1236 1329 (ubi
1279 1242 1505 1312 DVCENTOS

83 1353 285 1422 scribendum
307 1351 400 1440 erat),
430 1357 461 1419 et
476 1351 514 1436 V,
531 1351 569 1416 11
585 1347 833 1436 Paovlomu)
855 1348 875 1415 i.
899 1371 926 1416 e.
943 1350 1144 1433 procinctus.
1190 1345 1362 1416 Graviores
1384 1348 1506 1416 nonulli

84 1481 204 1530 errores
227 1459 323 1526 altius
345 1456 510 1545 repetendi
531 1455 688 1541 videntur,
717 1475 795 1539 quos
818 1456 846 1522 si
868 1456 977 1542 opifex
998 1454 1134 1522 fideliter
1154 1453 1358 1540 propagarit,
1394 1454 1508 1540 culpae

84 1567 233 1635 immunis
262 1572 319 1633 est.
365 1565 584 1652 Capitulornm
614 1562 859 1649 distinctionem,
890 1583 986 1648 quam
1015 1560 1152 1629 eandem
1174 1561 1271 1628 etiam
1294 1559 1419 1634 Graeca
1442 1579 1507 1631 me·

84 1673 247 1759 taphrasis
269 1672 408 1754 exhibet,
430 1669 458 1738 si
482 1691 502 1734 a
525 1669 669 1734 clausula
692 1667 885 1754 discesseris,
912 1668 982 1754 jam
1004 1668 1038 1734 in
1060 1666 1233 1752 archetypo
1255 1665 1354 1734 fuisse
1376 1685 1508 1734 consen·

85 1783 213 1845 tansum
242 1784 290 1844 est
304 1777 338 1864 ¹).
388 1775 530 1860 Virgulis
561 1772 680 1840 additis
710 1774 863 1840 orationis
891 1774 995 1842 ineisa
1023 1774 1209 1859 plerumque
1236 1777 1388 1857 separata
1423 1777 1507 1858 aunt,

85 1903 148 1968 qua
171 1882 299 1968 quidem
319 1881 354 1948 in
376 1901 411 1948 re
433 1879 541 1966 opifex
569 1876 657 1944 haud
684 1877 780 1946 dubio
809 1879 886 1946 item
908 1879 1129 1967 apographum
1151 1882 1277 1945 secutus
1300 1883 1366 1964 est,
1398 1897 1507 1964 qnam·

85 2008 180 2073 quam
201 2009 264 2055 uno
287 1987 428 2054 alterove
449 1985 520 2053 loco
536 1984 640 2052 minus
662 1989 747 2051 reete
770 1984 831 2051 hac
852 1991 930 2053 nota
952 2005 1035 2054 usus.
1072 1984 1220 2068 Denique
1233 1983 1394 2052 scribendi
1416 1984 1508 2070 ratio,

85 2092 230 2178 quamvis
251 2098 286 2158 ut
306 2091 375 2157 fieri
396 2090 477 2158 solet
498 2111 563 2158 non
592 2090 689 2176 planc
721 2090 784 2156 sibi
806 2097 947 2177 constet,
980 2111 1052 2158 eum
1086 2089 1244 2158 communi
1272 2090 1358 2158 illius
1387 2090 1509 2160 saeculi

85 2196 313 2288 consuetudine
328 2197 482 2282 congruit,
504 2217 543 2262 ae
566 2196 645 2262 satis
666 2215 823 2282 superque
845 2197 968 2282 opificis
990 2197 1086 2263 fidem
1109 2201 1140 2261 et
1164 2193 1365 2280 diligentiam
1386 2197 1509 2282 prodit3

84 2304 141 2372 sed
164 2303 204 2372 de
225 2302 421 2370 monumenti
441 2301 671 2386 orthographia
700 2321 782 2386 quae
811 2303 958 2388 exposuit
979 2303 1193 2369 Mommsenus
1217 2323 1247 2386 p.
1271 2302 1335 2369 145
1357 2322 1422 2387 seq.
1444 2303 1512 2388 sin<

86 2409 223 2498 gillatim
244 2407 499 2495 repetere'nolo,
532 2407 611 2473 satis
644 2407 748 2503 habeo
783 2408 940 2476 notabilia
970 2408 1129 2493 quaedam
1151 2407 1264 2494 paucis
1285 2397 1508 2494 perstringere.

169 2515 222 2582 Ita
251 2515 286 2582 in
313 2513 466 2600 vocibus,
501 2533 585 2597 quae
608 2512 727 2580 cadunt
756 2513 790 2580 in
810 2515 925 2600 IMUS,
955 2521 1138 2582 constanter
1158 2515 1185 2600 Ι,
1214 2533 1279 2579 non
1301 2513 1329 2580 V
1351 2513 1508 2602 scribitur,

83 2628 191 2691 vetere
206 2619 435 2688 consuetudine
449 2639 507 2706 per
522 2619 695 2686 Caesarem
710 2620 867 2704 abrogata
881 2619 924 2705 ²),
945 2621 1021 2687 item
1036 2609 1227 2704 reciperare,
1242 2617 1509 2701 quemadmodum

83 2729 181 2796 etiam
201 2728 236 2794 in
257 2725 362 2793 edicto
384 2724 568 2822 Venafrano
597 2724 715 2809 legitur
745 2723 858 2812 (Orelli
877 2726 936 2792 III.
959 2727 1045 2793 6428
1067 2726 1117 2794 bis
1139 2726 1331 2816 sublimem)
1353 2734 1385 2796 et
1406 2727 1509 2796 aaut·

83 2835 163 2916 dioc,
187 2832 272 2919 quod
285 2831 418 2924 Caesari
439 2851 565 2916 quoque
582 2831 752 2916 probatum
774 2837 832 2917 est,
854 2837 950 2916 atque
969 2831 1016 2898 ita
1030 2831 1192 2898 Munatius
1206 2831 1345 2900 Plancus
1367 2833 1402 2900 in
1416 2833 1509 2901 titulo

84 2941 195 3030 (Inscr.
217 2940 318 3024 Neap.
340 2935 440 3024 4089)
451 2934 494 3024 a),
524 2934 820 3023 commendavitque
842 2936 973 3004 Verrius
995 2937 1132 3006 Flaccus
1155 2937 1220 3025 (ap.
1243 2937 1366 3005 Charis.
1388 2959 1419 3028 p.
1441 2937 1507 3028 97.)

156 3175 183 3245 1)
207 3170 340 3244 OapItula
364 3173 430 3228 sunt
447 3173 560 3240 XXXV,
589 3173 636 3229 vel
652 3173 677 3228 si
695 3174 850 3230 clausulam
874 3173 1018 3230 addideris
1041 3175 1168 3242 XXXIX,
1197 3175 1253 3232 nisi
1278 3177 1353 3246 quod
1372 3195 1395 3234 e.
1414 3177 1508 3234 XVIII

80 3264 232 3324 admodum
259 3262 368 3318 incerta
396 3263 438 3318 ost
467 3261 585 3331 divisio,
615 3263 664 3319 sed
692 3263 771 3320 nolui
799 3281 948 3320 numerum
970 3263 1135 3322 Mommseni
1163 3265 1336 3324 anctontate
1361 3270 1508 3340 receptum

80 3355 241 3413 immutare.

153 3446 181 3516 2)
202 3444 242 3500 cf.
261 3441 357 3510 Quint.
376 3441 398 3506 1,
418 3443 443 3507 7,
462 3441 510 3496 21:
538 3444 601 3510 ¹fam
625 3442 742 3514 optimus
760 3443 907 3509 mammas,
937 3449 969 3496 ut
987 3444 1101 3498 modium
1120 3445 1288 3514 Ilittaram,
1318 3467 1387 3519 quac
1410 3449 1508 3504 nefari-

82 3535 131 3590 bur
157 3536 184 3592 V
191 3538 299 3607 suerat,
321 3530 475 3600 caeperunt
497 3532 553 3586 Gai
565 3533 687 3604 primum
711 3534 831 3587 Glaesaria
850 3532 1021 3603 inscriptione
1040 3535 1158 3589 traditur
1168 3539 1294 3608 suctum,
1316 3537 1367 3594 nbi
1383 3538 1510 3612 ineptam

80 3626 233 3682 lectionem
251 3622 419 3694 inscriptione
437 3621 521 3677 nimis
540 3622 684 3693 patienter
703 3625 830 3680 tulerunt
849 3623 987 3690 editores,
1018 3625 1225 3682 restituendum
1249 3645 1284 3684 ex
1302 3627 1362 3684 cod.
1382 3628 1511 3688 Ambros.

80 3717 255 3772 inctructione
274 3713 333 3770 sive
351 3711 514 3765 institutione
532 3711 623 3778 malis,
643 3713 670 3767 h.
684 3729 708 3768 e.
726 3711 897 3768 auctoritate
916 3713 946 3767 et
964 3713 1136 3784 p1·aecoptis;
1155 3732 1222 3770 nam
1240 3715 1271 3772 in
1289 3715 1371 3772 libris
1390 3718 1424 3774 de
1443 3735 1511 3774 ana·

79 3805 160 3878 logia
177 3804 290 3861 videtur
309 3820 343 3858 ea
362 3801 395 3856 de
416 3819 444 3856 re
464 3801 632 3871 exposuisse.
669 3801 748 3856 Idem
767 3801 936 3856 testificatur
954 3801 1161 3873 orthographos
1179 3804 1256 3876 apud
1273 3805 1344 3860 Mar.
1362 3805 1469 3862 Victor.
1488 3807 1511 3874 Ι,

80 3896 107 3963 4,
128 3896 152 3961 5,
171 3894 218 3950 sed
236 3894 314 3948 loeus
333 3890 419 3947 variis
439 3889 517 3947 vitiis
536 3891 744 3946 contaminatus
763 3890 793 3945 in
811 3891 887 3945 hunc
906 3890 1021 3945 modum
1040 3892 1233 3964 corrigendus:
1265 3895 1388 3950 Licinius
1412 3896 1511 3952 Caluus

83 3989 116 4048 Q.
136 3987 225 4042 littora
244 4003 297 4038 uon
316 3987 354 4038 ost
372 4001 449 4047 usus,
477 3983 625 4036 consultum
644 3982 735 4036 conati
751 3982 836 4035 tuem
861 3979 898 4050 (v.
919 3979 990 4052 ipse)
1009 3981 1123 4052 ccrapa't,
1144 3987 1178 4036 at
1200 3983 1306 4052 Cujus
1326 3985 1455 4040 Caesar
1473 3986 1511 4057 (v.

81 4080 112 4136 et
130 4075 167 4132 ad
186 4074 285 4145 Oajum
304 4071 463 4142 Caesarem)
483 4078 592 4126 cenatus
611 4072 778 4130 consultum;
800 4070 872 4123 tuctu
891 4071 1006 4140 optimus
1025 4072 1160 4126 monierus
1178 4072 1303 4144 scripsit,
1336 4093 1390 4130 uon
1409 4081 1439 4130 ut
1456 4093 1513 4131 noa

80 4168 119 4239 (v.
139 4167 200 4238 nos)
215 4181 267 4238 por
294 4164 321 4218 V
335 4163 470 4214 littorum:
502 4163 549 4216 hic
569 4160 644 4217 enim
663 4161 794 4232 inprimis
813 4159 940 4216 eruditus
960 4162 989 4216 et
1007 4161 1129 4232 prudens
1148 4163 1358 4235 grammaticus,
1387 4165 1437 4235 qui
1455 4183 1512 4222 non

80 4258 124 4314 est
143 4255 218 4310 infra
234 4251 376 4309 saeculum
393 4250 421 4305 II
439 4251 644 4319 detrudendus,
670 4268 727 4307 non
746 4251 818 4306 solet
843 4250 1047 4320 antiquitatem
1066 4254 1180 4320 sectari,
1207 4254 1315 4326 etipse
1341 4254 1415 4310 infra
1433 4255 1466 4326 (Ι,
1485 4257 1511 4324 4,

82 4343 220 4418 lssttalia
237 4360 289 4414 per
307 4341 321 4395 I
339 4339 486 4396 scribenda
506 4359 564 4398 esse
584 4342 674 4409 docet,
707 4341 754 4397 sed
774 4339 908 4411 discipuli
928 4341 987 4412 ejus
1005 4344 1131 4399 veterem
1148 4343 1380 4400 consuetudinem
1398 4345 1512 4402 affecta·

80 4434 161 4492 bant.
198 4432 292 4488 Etiam
312 4448 384 4500 quae
405 4430 575 4502 deAugusto
594 4432 676 4487 addit
694 4430 892 4488 emendatione
911 4449 994 4504 egere
1013 4433 1159 4492 videntur:
1180 4437 1416 4506 DiuueAupustua
1433 4438 1511 4510 gaui-

81 4529 136 4583 ta'uo
160 4543 224 4580 cusu
248 4525 328 4594 hujus
355 4522 447 4576 dornoa
466 4540 538 4575 meae
553 4540 604 4594 per
629 4525 723 4577 Ouou
742 4528 772 4576 ut
790 4539 837 4576 uos
850 4539 903 4592 per
929 4523 956 4576 V
971 4523 1087 4579 olcarum
1112 4527 1231 4598 scarpati:
1255 4527 1358 4592 idem,
1380 4529 1509 4595 Messala,

79 4619 216 4692 Aprt'ppu,
238 4621 343 4672 Brutus
356 4633 410 4686 pro
429 4633 529 4679 miurus,
559 4616 651 4670 simus.
688 4613 780 4686 adjeci
799 4613 883 4678 iduor,
917 4631 983 4668 nam
1004 4613 1164 4686 Angustum
1183 4619 1276 4672 domos
1295 4621 1325 4676 et
1341 4618 1426 4674 umus
1445 4618 1513 4676 susi.
1609 4612 1614 4623 ’

79 4712 150 4770 bere
168 4710 282 4767 solitum
300 4725 358 4765 esse
377 4707 477 4782 auctor
494 4707 537 4762 est
556 4706 671 4762 sueton.
691 4706 763 4777 Aug.
783 4705 826 4760 87.

155 4803 183 4872 3)
203 4799 275 4856 Sane
299 4799 442 4854 adversari
466 4799 578 4854 videtur
603 4797 701 4854 Velius
720 4799 831 4868 Longus
854 4816 881 4867 p.
901 4795 972 4852 2228
999 4797 1069 4855 haec
1094 4798 1129 4854 de
1157 4798 1279 4872 Augusti
1310 4797 1512 4856 consuetudine

79 4889 216 4948 tradens:
248 4888 364 4960 antiquis
382 4889 456 4944 carie
475 4887 656 4962 scriptitatum
674 4893 714 4942 eat
732 4886 921 4958 mancupium,
952 4888 1111 4960 aucupium,
1143 4888 1299 4954 manubiae,
1332 4888 1460 4960 u'quidem
1484 4887 1514 4942 0.

85 4982 188 5037 Ouarar
209 4997 261 5054 por
280 4978 432 5050 Iscripeit,
460 4983 491 5033 ut
511 4983 624 5050 apparat
648 4996 681 5032 aa
705 4977 788 5034 titulis
806 4975 905 5048 uuus,
932 4981 962 5030 ac
979 4969 1119 5050 Augustus
1137 4979 1160 5034 I
1167 4998 1221 5051 per
1247 4980 1285 5045 V,
1312 4983 1343 5032 ut
1360 4983 1435 5032 foebo
1451 4982 1515 5032 cunt

79 5073 140 5142 gua
158 5067 352 5144 imcrzptioucs.
388 5069 429 5126 De
448 5067 598 5127 novissim0
623 5069 736 5126 tantm
760 5066 900 5124 vocabulo
923 5065 1058 5128 disserere
1076 5069 1299 5144 orthographnm
1318 5068 1421 5126 docent
1439 5085 1512 5142 quae
