3384 5510
924 291 978 365 30,

235 473 288 539 tur
307 464 524 536 Kirobhoffius
556 474 701 536 nonest
731 487 829 536 ausus
859 468 1098 557 redintegrare,
1130 469 1345 542 Mommsenus
1373 471 1543 560 proposuit
1566 466 1663 559 ἀρχὴν

236 572 391 656 οὐδεμίαν
411 571 643 659 παραπλησίαν
664 574 772 638 ἔπειτα
802 571 974 660 διδομένην
1005 573 1214 662 ἀνεδεξάμην,
1245 598 1327 663 quae
1350 598 1423 645 curn
1443 600 1465 646 a
1485 579 1663 648 litterarum

234 679 381 764 vestigiis
402 678 562 766 recedant,
584 684 653 746 tum
673 678 827 746 orationis
847 685 958 747 tenore
979 700 1097 766 parum
1115 682 1395 769 commendaram
1416 689 1501 751 certe
1523 683 1599 750 dici
1621 682 1663 748 de

236 787 336 854 bebat
368 781 464 849 otoo
499 781 632 871 ἀρχὴν
665 783 906 872 παραπλησίαν.
950 786 1070 854 Verum
1095 787 1233 855 arbitror
1261 788 1321 856 has
1348 788 1560 856 difficultates
1582 787 1665 854 facili

238 889 369 976 negotio
392 887 537 974 expediri
557 910 662 977 posse,
685 890 713 956 si
735 891 916 976 scripseris.

365 998 419 1080 τῆς
442 993 640 1085 [συ]νκλήτου
669 995 725 1057 καὶ
751 996 807 1058 τοῦ
829 992 935 1080 δήμου
956 997 1020 1060 τῶν
1049 994 1054 1084 Ι
1079 991 1246 1079 Ῥωμαίων
1273 994 1547 1088 ὀ[μολογο]ύντων
1571 993 1667 1100 ἢι[ρέ-

345 1105 438 1187 θην
465 1099 663 1191 ἔπιμελ]ητῆς
693 1109 698 1188 1
726 1103 790 1164 τῶν
814 1123 846 1164 τε
866 1105 976 1185 νόμων
1008 1103 1064 1164 καὶ
1093 1104 1157 1166 τῶν
1188 1103 1413 1190 acclamat
1377 1125 1434 1167 cr
1473 1084 1665 1204 pslrtorpul

370 1206 586 1294 [παραλαβών
606 1204 680 1294 των]
703 1207 925 1308 χειροτονητῶν
954 1202 1068 1291 ἀρχήν·
1095 1202 1173 1270 osus
1196 1205 1263 1294 Η
1223 1206 1305 1297 μ[οι]
1329 1229 1375 1275 πα
1370 1207 1498 1296 ‘qast
1468 1228 1514 1283 ες
1539 1205 1665 1296 πένΜε]

370 1309 454 1414 amq
473 1311 645 1396 διδομένην
665 1307 823 1398 ανεδεΙξ
824 1315 921 1396 rippa

239 1415 447 1504 Supersunt
438 1435 473 1482 rn
495 1415 641 1501 exemplo
663 1413 837 1499 Ancyrano
857 1415 918 1500 ΠΙ,
942 1415 999 1480 14:

340 1518 1570 1623 ΗΗΙΩΝΟΙΙΙΗΗΙΙΥΝἹΩΝῙΗΗΗΗΗΙΙΙῙΣ

147 1665 150 1670 ‚
235 1619 283 1692 tot
304 1624 390 1691 enim
411 1623 570 1692 elementa
592 1622 769 1691 desiderari
790 1623 957 1692 videntur:
990 1624 1128 1690 fortasse
1149 1623 1248 1708 igitur
1270 1624 1387 1708 aliquis
1409 1629 1577 1694 existimet
1603 1643 1668 1714 spa·

235 1729 316 1795 tium
337 1729 402 1796 mei
422 1729 635 1816 supplementi
663 1724 789 1816 ᾑρέθην
817 1729 1004 1815 ἐπιμελητὴς
1033 1750 1098 1798 non
1120 1731 1200 1798 satis
1222 1750 1327 1816 capax
1350 1749 1436 1817 csse,
1470 1736 1505 1796 at
1528 1751 1667 1818 apogra-

235 1834 334 1921 phum
355 1835 391 1900 in
411 1834 473 1901 hac
495 1833 623 1920 quidem
655 1839 747 1918 parte
775 1855 840 1901 non
862 1835 960 1920 plane
983 1833 1026 1900 ad
1048 1837 1202 1903 amussim
1222 1835 1359 1922 factum3
1391 1857 1467 1902 nam
1488 1843 1525 1904 ut
1549 1838 1611 1906 hie
1630 1841 1667 1906 in·

235 1940 406 2006 terstitium
426 1940 522 2006 nimis
545 1944 593 2005 est
615 1943 820 2023 contractum,
842 1939 890 2004 ita
912 1938 998 2022 quod
1018 1941 1179 2008 antecedit
1193 1940 1288 2006 nimis
1310 1947 1359 2008 cst
1380 1941 1542 2028 amplum,
1567 1965 1668 2030 neque

239 2044 325 2110 enim
346 2064 471 2131 norem,
494 2043 553 2112 sed
574 2063 632 2111 sex
656 2047 780 2108 tantum
801 2041 925 2110 litteras
946 2043 1148 2113 intercidisse
1169 2054 1320 2132 apparet:
1341 2049 1450 2132 itaque
1473 2051 1561 2116 haec
1581 2072 1669 2118 meae

238 2149 441 2217 coniecturae
462 2147 550 2216 baud
572 2167 733 2232 quaquam
761 2147 981 2216 adversantur.
1024 2150 1151 2218 Deinde
1180 2153 1361 2239 exemplum
1381 2155 1600 2240 Ancyranum
1625 2177 1669 2222 er·

107 2283 108 2286 ¹
239 2252 330 2319 bibet
352 2302 360 2319 .
383 2301 391 2319 .
413 2302 421 2318 .
447 2254 700 2336 ΟΤΟΝΗΘΩΙ,
722 2254 951 2340 Apolloniense
973 2259 1336 2323 ΧΕΙΡΟΤΟΝΗΘΩΝ
1354 2259 1434 2326 miro
1455 2280 1537 2327 sane
1554 2263 1669 2329 erroris

239 2377 405 2444 consensu,
434 2377 510 2424 nam
532 2359 752 2426 coniunctione
773 2360 865 2426 verbi
886 2361 1143 2450 perporovqbolts)
1166 2363 1209 2429 ab
1231 2363 1292 2430 hoc
1313 2365 1383 2432 loco
1404 2365 1502 2451 plane
1524 2368 1667 2452 alienus

237 2485 297 2534 nec
327 2471 435 2532 tamen
465 2466 643 2552 probabilis
676 2466 867 2533 Kirohhotlii
905 2469 1088 2534 coniectura
1125 2467 1380 2556 ἐχειροτονήθην,
1413 2491 1490 2536 nam
1517 2476 1560 2535 H
1589 2477 1667 2540 etti

236 2577 390 2658 quantum
408 2572 548 2638 maxime
570 2569 699 2638 distant.
742 2571 863 2656 Scripsi
883 2571 983 2656 igitur
1004 2575 1248 2658 χειροτονηιῶν,
1281 2573 1316 2639 id
1337 2575 1513 2661 paritario
1537 2577 1668 2644 Galatia

237 2681 270 2742 et
290 2676 326 2742 in
346 2675 471 2743 Pisidia
501 2681 683 2763 corruptum
711 2694 781 2741 esse
813 2694 1007 2759 quamquam
1025 2677 1157 2763 mirum,
1190 2698 1255 2744 non
1286 2685 1395 2745 tamen
1427 2680 1668 2768 inexplicabile,

236 2780 447 2849 barbarorum
469 2783 554 2848 enim
575 2785 623 2846 est
643 2799 813 2865 perperam
834 2781 1027 2868 aspiraro1).
1070 2783 1253 2850 Novissima
1269 2789 1304 2850 ut
1322 2785 1414 2871 potui
1428 2785 1668 2871 redintegrari:

237 2905 313 2952 nam
334 2885 369 2952 in
391 2886 537 2972 exemplo
559 2886 732 2968 Ancyrano
755 2884 836 2951 haec
858 2885 930 2952 fere
952 2893 1139 2972 comparent
1161 2888 1336 2955 elementa:

603 2991 1309 3076 ΜΗΙΠΛΙΗΗΤΗΡΙΗ

236 3093 295 3164 sed
316 3099 393 3180 quot
413 3093 539 3162 litterae
560 3093 757 3183 interceptae
779 3097 852 3184 sint,
874 3098 953 3166 satis
975 3098 1138 3166 incertum
1178 3099 1236 3174 Εἰς
1250 3101 1343 3164 πέντε
1363 3098 1415 3185 ἔτη
1436 3105 1472 3167 ut
1493 3101 1667 3170 scriberem

238 3199 346 3267 effecit
365 3199 481 3266 Dionis
504 3197 614 3265 Cassii
631 3221 692 3267 auc
692 3201 822 3287 toritas,
856 3203 912 3287 qui
934 3208 1017 3269 eta.
1041 3203 1159 3270 tuost
1146 3209 1340 3271 t.rursusa
1361 3205 1425 3271 742
1447 3204 1534 3272 hanc
1558 3227 1667 3274 curan

237 3305 408 3424 Augusto
399 3325 434 3369 m
447 3303 697 3388 quinquennium
719 3305 906 3373 mandatam
928 3322 998 3374 esse
1021 3308 1193 3375 memoriae
1214 3307 1381 3395 prodidits.
1421 3309 1508 3376 Sane
1526 3312 1621 3394 quod
1636 3313 1669 3378 de

237 3408 343 3496 prima
364 3409 435 3476 vice
457 3408 551 3493 dicit,
584 3407 668 3475 fallit
655 3417 726 3496 tur,
758 3411 951 3495 siquidem
943 3432 1013 3499 rpse
1034 3413 1199 3497 Augustus
1232 3419 1369 3480 testatur
1389 3413 1498 3480 statim
1518 3385 1682 3500 proximo

237 3534 323 3582 anno
346 3515 411 3580 736
440 3512 502 3578 sibi
531 3513 667 3581 eandem
700 3536 810 3584 curam
841 3517 956 3584 iterum
991 3517 1091 3584 fuisse
1124 3517 1372 3606 demandatam,
1406 3519 1514 3603 itaque
1541 3522 1669 3590 videtur

236 3639 361 3688 morum
392 3617 536 3702 regimen
569 3619 672 3705 primo
700 3621 735 3687 in
764 3642 885 3689 annum
912 3624 1085 3710 recepisse,
1116 3625 1174 3691 sed
1208 3645 1239 3692 a.
1262 3625 1325 3691 736
1356 3631 1388 3690 et
1415 3645 1525 3692 rursus
1550 3647 1582 3693 a.
1610 3631 1667 3694 742

235 3723 318 3790 nibil
340 3724 463 3808 obstat,
497 3726 665 3806 quominus
688 3727 855 3794 credamus
877 3728 912 3794 in
934 3729 1185 3814 quinquennium
1205 3730 1267 3796 hoo
1289 3728 1429 3796 osticium
1449 3731 1604 3814 Augusto
1630 3735 1668 3800 in·

236 3828 378 3896 iunctum
405 3828 521 3895 fuisse:
553 3829 612 3896 sed
640 3839 754 3901 exacto
785 3833 846 3900 boc
873 3833 974 3900 altero
996 3835 1233 3922 quinquennio,
1266 3834 1327 3902 boc
1349 3840 1397 3901 est
1418 3855 1448 3901 a.
1470 3834 1535 3901 748
1559 3857 1668 3904 curan

238 3933 343 4000 denuo
365 3933 429 4000 sibi
451 3933 593 4000 oblatam
613 3937 782 4004 recusavit.
825 3937 922 4004 Levis
943 3938 1043 4022 igitur
1063 3940 1178 4006 Dionis
1200 3959 1302 4024 error,
1333 3939 1388 4022 qui
1408 3939 1547 4025 primam
1570 3943 1667 4010 officii

236 4038 445 4106 bniusvicem
467 4058 539 4106 cum
560 4039 711 4127 secunda,
734 4041 823 4108 onius
846 4042 973 4109 omnino
995 4063 1059 4109 non
1083 4042 1161 4109 facit
1182 4044 1384 4128 montionem,
1407 4043 1567 4129 confudit3
1596 4049 1666 4114 Sue-

236 4142 343 4209 tonius
365 4148 473 4209 autem
495 4163 566 4210 oum
587 4167 710 4214 morum
729 4147 899 4231 legumque
921 4148 1066 4232 regimen
1087 4155 1276 4236 perpetuum
1297 4148 1396 4214 fuisse
1418 4147 1506 4236 dicit,
1530 4149 1666 4220 fortasse

236 4249 272 4315 in
294 4248 379 4315 hunc
403 4265 542 4315 errorem
561 4249 684 4336 incidit,
716 4251 802 4335 quod
823 4272 853 4318 a.
876 4253 1088 4337 subrogatio
1111 4254 1146 4320 in
1168 4254 1252 4320 banc
1274 4253 1486 4341 sententiam,
1520 4263 1558 4324 ut
1581 4260 1666 4326 vide·

236 4360 296 4439 tur,
318 4353 407 4420 tacta
430 4359 488 4440 est,
509 4352 568 4420 sed
588 4356 753 4440 Augustus
776 4354 895 4423 callida
916 4356 1074 4426 modestia
1094 4379 1155 4428 sua
1178 4380 1254 4428 usus
1276 4359 1445 4426 ructuavit

309 4629 336 4702 1)
354 4630 395 4685 De
414 4629 623 4700 permutatione
641 4629 803 4687 litterarum
824 4638 849 4685 Τ
864 4633 893 4688 et
912 4635 935 4686 Θ
953 4629 1087 4688 Francius
1106 4632 1149 4690 El.
1167 4631 1264 4704 Epigr.
1283 4651 1310 4704 p.
1330 4633 1382 4688 249
1409 4632 1573 4690 autestatnr
1594 4635 1668 4692 Wal-

235 4719 344 4792 polium
361 4718 392 4773 in
412 4717 561 4774 itinerario
579 4738 607 4791 p.
627 4721 678 4776 601
698 4721 891 4788 disserentem,
910 4721 959 4778 sed
978 4721 1110 4793 exempla
1128 4740 1202 4792 qnae
1220 4723 1270 4778 ille
1289 4722 1372 4778 affert
1389 4723 1436 4778 vel
1454 4723 1562 4779 veteris
1582 4727 1667 4783 Boeo

234 4812 330 4866 torum
348 4807 467 4864 dialecti
485 4811 561 4875 sunt,
581 4827 654 4880 quae
674 4815 697 4866 Θ
715 4811 874 4878 substituit,
891 4811 942 4866 ubi
964 4818 989 4865 Τ
1003 4828 1090 4882 prope
1109 4813 1145 4868 ad
1164 4811 1383 4868 similitudinem
1402 4812 1517 4869 litterae
1537 4820 1565 4868 Σ
1583 4834 1668 4874 enun-

233 4899 370 4964 tiabatur,
388 4897 436 4954 vel
451 4897 522 4954 satis
538 4899 657 4958 ineerta.
693 4901 750 4960 Sed
767 4900 799 4958 in
817 4902 870 4959 boc
887 4901 951 4974 ipso
968 4903 1151 4960 monumento
1165 4901 1315 4975 ancyrano
1326 4901 1402 4970 xlv,
1413 4902 1432 4958 4
1443 4903 1580 4962 ΧΛΘΩΣ
1595 4905 1668 4964 hand

230 4988 321 5046 dubie
334 4987 477 5060 scriptum
492 5005 546 5061 pro
562 4993 681 5066 ἔσχατος.
