3384 5510
904 261 950 334 38

217 435 219 440 ’
297 443 388 525 Quae
405 430 579 526 sequuntur
590 433 692 524 aegre
707 437 743 506 in
760 435 921 528 integrum
937 439 1062 510 restitui
1074 445 1216 530 possunt,
1235 439 1494 529 qnandoquidem
1509 461 1634 528 macca

194 548 428 637 'interpretatio
449 547 485 612 in
506 552 630 613 arctum
650 545 783 614 redacta
810 549 892 616 nihil
920 548 1120 636 suppeditat,
1152 549 1216 616 nisi
1243 549 1280 612 iu
1300 545 1420 613 miror
1447 545 1641 628 susciperis

210 654 392 728 πλειστάκις
421 651 565 734 ἐγένοντο
594 653 691 731 θέαι,
721 655 788 716 τότε
816 657 877 736 μὲν
902 652 938 717 iu
965 655 1018 740 cic
1047 656 1221 739 συναρχίας
1248 655 1312 716 miv
1336 651 1498 740 τεσσάρων
1530 650 1643 738 ἱερέων

210 763 305 852 (baec
320 761 416 826 homo
432 775 566 842 graecus
587 776 757 842 perperam
777 757 1004 844 interpretatus
1026 765 1084 844 est,
1106 779 1237 825 numero
1258 779 1324 824 nou
1346 758 1390 824 ad
1411 759 1566 844 collegia,
1591 758 1645 826 sed

209 869 254 938 ad
275 863 458 934 sacerdotes
479 861 605 948 relatu)
627 861 698 928 τότε
721 861 757 924 δὲ
778 860 843 926 ὑπὸ
866 865 930 926 τῶν
951 860 1092 928 ὑπάτων.
1128 864 1166 928 ln
1188 863 1300 949 primis
1323 863 1552 932 emendatione
1573 870 1647 948 eget

209 965 328 1057 VIVO,
351 969 436 1054 qaod
458 969 577 1052 legitur
597 988 627 1034 v.
651 969 690 1033 17
715 974 866 1055 eudemo,
896 969 1043 1054 quodque
1065 971 1208 1056 ineptum
1231 989 1302 1038 esse
1319 970 1393 1056 jure
1414 967 1647 1036 animadvertit

210 1079 442 1159 Mommsenus,
481 1071 521 1138 de
549 1072 741 1157 integrando
770 1073 832 1140 boc
861 1075 931 1144 loco
955 1073 1137 1161 desperem.
1181 1075 1320 1141 Tentavi
1340 1075 1424 1141 bunc
1446 1076 1558 1142 locum
1576 1075 1646 1160 jam

211 1180 359 1268 antea1),
381 1197 466 1244 nunc
487 1177 600 1244 vitium
620 1177 825 1244 manifestum
849 1181 971 1246 minore
997 1201 1037 1246 ac
1057 1181 1162 1265 magis
1191 1181 1352 1266 probabili
1380 1179 1507 1246 medela
1530 1201 1646 1266 procu·

210 1289 277 1356 rari
298 1305 393 1372 posse
415 1281 519 1350 credo.
563 1283 657 1350 Solus
677 1285 825 1351 Perottus
846 1272 953 1353 VIVO
981 1285 1089 1371 addit,
1123 1286 1261 1370 diligens
1290 1287 1345 1352 ille
1375 1285 1503 1370 quidem
1536 1306 1581 1351 ac
1605 1287 1647 1350 lo·

212 1393 321 1480 cupies
343 1395 471 1475 auctor,
503 1389 561 1456 sed
588 1391 692 1475 potuit
721 1392 819 1457 etiam
840 1394 869 1459 is
892 1393 1083 1477 quandoque
1104 1393 1189 1459 falsa
1212 1392 1318 1478 specie
1341 1391 1455 1478 decipi.
1500 1391 1647 1458 (lensen-

210 1507 342 1565 taneum
371 1500 478 1562 autem
500 1500 549 1562 est
569 1495 692 1564 litteras
715 1497 788 1584 has,
822 1519 905 1582 quae
932 1499 1073 1584 priorum
1101 1497 1205 1564 aciem
1236 1496 1363 1581 penitus
1392 1495 1566 1582 fugerunt,
1598 1494 1648 1562 dc

202 1603 304 1672 tritas
325 1606 357 1668 et
380 1602 533 1668 obscuras
555 1621 634 1668 esse.
678 1603 792 1687 ltaque
813 1604 942 1690 scripsi:

423 1704 474 1794 [eu
496 1705 622 1796 pullus]
644 1711 728 1774 votis
749 1707 872 1799 s[aep]e
893 1709 1037 1789 fecerunt
1059 1705 1238 1798 [elvinqbl

421 1811 558 1900 [cunulis
579 1815 671 1880 ludos
692 1814 907 1905 sacerdotum
929 1821 1077 1900 quattuor
1098 1797 1297 1900 amplissima
1318 1811 1413 1880 colle·

421 1915 488 2006 [piu
507 1919 557 1984 uel
578 1921 721 1986 cumules
742 1922 811 2004 ejus
833 1919 935 2008 anull

213 2027 295 2096 Gum
323 2023 476 2112 scriptum
503 2029 588 2092 esset
609 2009 776 2107 QVINQV
807 2026 969 2113 primast
996 2025 1171 2094 novissima
1200 2025 1307 2095 littera
1330 2023 1466 2110 demta,
1500 2023 1650 2108 reliquae

215 2207 527 2227 ——n-——fl--1

212 2304 242 2358 iu
258 2302 288 2375 τῇ
301 2299 395 2372 Ἰταλίᾳ
418 2296 509 2357 πόλεις
533 2295 653 2366 σωτήρια
674 2295 755 2352 uisci
773 2300 889 2374 δημοσίᾳ
906 2299 1001 2355 θύσειν
1019 2299 1162 2367 εὔξασθαι,
1191 2296 1258 2354 hinc
1276 2297 1421 2354 Iuvenalis
1439 2297 1473 2362 X,
1493 2297 1566 2352 284:
1605 2297 1650 2352 scd

213 2393 313 2450 multoc
331 2389 410 2444 urbes
428 2392 454 2440 ct
465 2385 577 2456 publicu
594 2391 654 2440 volu
672 2389 766 2454 cicere,
788 2390 862 2460 quod
876 2390 1063 2446 Rhaukenius
1084 2407 1142 2445 nou
1159 2387 1229 2443 satis
1240 2405 1373 2459 prospere
1391 2387 1526 2453 tentavit,
1547 2406 1651 2458 quaru-

213 2500 300 2554 quam
317 2496 383 2536 sane
400 2479 500 2533 mutue
519 2475 659 2546 displicet,
684 2477 715 2532 in
733 2478 813 2550 cujus
831 2480 922 2534 locum
942 2479 1031 2550 possis
1049 2479 1121 2532 mille
1138 2477 1324 2541 substituere,
1353 2477 1402 2532 sed
1419 2477 1505 2547 poeta
1525 2481 1650 2549 argutus

213 2575 332 2630 fortasse
350 2575 440 2624 mulm
459 2565 580 2637 scripsit,
598 2566 626 2620 h.
645 2584 669 2622 e.
688 2568 794 2640 linguis
811 2569 947 2635 faventes,
966 2570 1033 2624 dum
1047 2570 1114 2626 vota
1132 2569 1205 2623 fiunt
1223 2567 1346 2639 publice.
1384 2566 1442 2622 Sub
1462 2566 1649 2636 imperatori·

212 2665 266 2719 bus
283 2665 336 2718 hae
356 2657 577 2731 supplicationes
595 2675 647 2728 pro
666 2658 757 2713 salute
775 2659 823 2713 vel
839 2657 1005 2714 valetudine
1023 2657 1184 2730 principum
1202 2657 1384 2728 pervagatae,
1407 2655 1438 2710 in
1456 2654 1560 2726 primis
1583 2657 1650 2712 illu-

213 2755 271 2808 stre
291 2751 452 2820 exemplum
480 2745 646 2816 suppeditat
664 2747 754 2802 Tacit.
774 2748 846 2804 Anu.
866 2747 915 2814 111,
935 2749 979 2812 64,
1003 2765 1120 2804 narrans
1138 2765 1164 2803 a.
1184 2748 1246 2813 775,
1275 2764 1339 2800 cum
1362 2745 1443 2802 livia
1469 2749 1649 2818 aegrotaret
1680 2775 1681 2816 p

213 2839 354 2912 supplicia
380 2837 435 2893 diis
459 2837 597 2907 ludosque
622 2853 738 2910 magnos
757 2854 775 2891 a
793 2839 892 2893 senatu
916 2837 1044 2894 decretos
1062 2855 1134 2903 esse,
1162 2854 1231 2907 quos
1256 2835 1404 2907 pontifices
1426 2837 1456 2894 et
1473 2854 1607 2909 augures
1626 2843 1651 2896 et

214 2927 434 2999 quindecimviri
462 2947 520 2986 nna
557 2947 621 2986 cnm
652 2926 829 2997 septemviris
860 2929 890 2984 et
914 2927 1057 2983 sodalibus
1083 2926 1288 3000 Augustalibus
1312 2925 1442 2982 ederent:
1473 2944 1544 2982 nam
1571 2929 1651 2998 quod

214 3017 357 3090 Apronius
377 3017 497 3085 censuit,
515 3020 550 3074 ut
567 3016 680 3074 fetiales
699 3033 812 3085 quoque
830 3016 866 3072 iis
878 3015 954 3072 ludia
967 3017 1168 3087 praesiderent,
1187 3013 1317 3071 Tiberius
1329 3014 1479 3082 recusavit,
1497 3033 1652 3088 nunquam

212 3109 289 3166 enim
306 3109 359 3164 hoc
374 3108 531 3180 majestatis
550 3107 578 3164 ci
596 3105 753 3164 sacerdotio
771 3104 865 3161 luisse.

285 3199 314 3271 1)
333 3197 446 3268 Conjeci
463 3198 644 3255 scribendum
663 3213 734 3252 esse:

328 3288 388 3358 [Eu
406 3287 511 3360 quibam]
530 3287 604 3343 votis
622 3287 728 3356 s[uep]e
746 3285 875 3342 fecerunt
896 3285 988 3340 Veiovi
1004 3286 1042 3356 [et
1062 3285 1187 3356 Apollini
1204 3285 1281 3340 ludos
1299 3287 1342 3340 ecl
1358 3287 1544 3358 sucerdolu]m
1563 3293 1651 3359 quat·

221 3395 223 3398 ·
328 3379 394 3433 tuor
410 3377 586 3448 amplissima
604 3377 735 3447 colle[pic
753 3377 795 3430 cel
813 3376 932 3429 consules
950 3374 1007 3428 eius
1025 3375 1116 3446 anni]

214 3466 345 3538 Apollini
370 3467 447 3524 enim
464 3469 516 3522 hos
533 3467 615 3522 ludos
634 3465 743 3520 dicatos
762 3481 821 3520 esse
839 3464 1029 3520 testificantur
1051 3463 1173 3529 nummi,
1202 3481 1271 3533 quos
1289 3465 1478 3521 Mommsenus
1501 3467 1652 3524 adhibuit

212 3556 260 3612 Ad
278 3557 359 3612 ludos
376 3557 427 3612 hos
446 3575 472 3613 a.
491 3576 519 3612 u.
539 3557 591 3612 726
615 3555 739 3628 primum
764 3557 935 3612 instauratos
962 3554 1139 3612 referendum
1157 3555 1344 3611 Horatianum
1361 3571 1476 3610 carmen
1494 3555 1516 3610 1.
1538 3556 1587 3624 21,
1617 3559 1650 3615 de

215 3645 295 3702 cuius
308 3645 441 3702 carminis
464 3647 593 3718 tempore
619 3645 781 3718 indagando
799 3646 882 3702 valde
901 3645 1080 3712 dissentiunt,
1106 3645 1140 3700 ut
1157 3644 1218 3700 fieri
1236 3647 1316 3712 solet,
1341 3644 1524 3718 grammatici
1543 3649 1651 3714 nostri;

215 3752 314 3794 verum
331 3735 380 3792 hic
400 3754 512 3806 quoque
531 3738 676 3792 assecutus
694 3737 738 3792 est
753 3735 893 3792 Frankius
910 3735 942 3790 in
962 3734 1052 3790 Fastis
1070 3733 1233 3792 Horatianis
1252 3754 1280 3807 p.
1300 3736 1361 3802 163,
1379 3733 1512 3804 inprimis
1532 3753 1650 3809 poema·

212 3825 252 3882 tis
270 3826 398 3882 clausula
416 3844 490 3892 usus,
509 3826 560 3882 ubi
577 3827 646 3882 haec
665 3825 700 3881 de
719 3825 853 3897 Apolline
872 3825 1086 3897 praedicantur:

327 3915 382 3971 Hic
400 3917 508 3972 bellum
525 3915 714 3981 lacrimosum,
733 3915 780 3970 hie
799 3914 931 3971 miseram
948 3913 1054 3970 famem

326 4003 496 4074 Pestemque
514 4023 531 4060 a
550 4005 664 4077 populo,
683 4004 812 4075 principe
832 4003 959 4070 Caesare,
978 4003 1010 4059 iu

364 4096 462 4152 Persas
480 4097 568 4165 atque
586 4096 737 4152 Britannos

394 4184 496 4240 Vestra
514 4185 607 4241 motus
625 4187 693 4256 aget
710 4199 802 4255 prece.

213 4273 343 4346 Apollini
367 4276 464 4331 autem
482 4274 619 4330 Veiovem
643 4274 747 4330 addere
765 4289 826 4327 sum
845 4289 942 4339 ausus,
968 4271 1048 4328 cuias
1065 4286 1167 4328 nomen
1186 4271 1223 4327 ad
1241 4271 1352 4328 Perroti
1369 4273 1540 4346 scripturam
1557 4279 1649 4338 VIVO

213 4365 341 4434 proxime
359 4365 484 4422 accedit:
514 4365 591 4421 hunc
608 4364 683 4420 enim
701 4362 785 4418 deum
806 4379 991 4418 averruncum
1010 4365 1040 4418 et
1058 4361 1179 4418 iuvenili
1204 4360 1297 4431 specie
1322 4361 1462 4435 insignem
1481 4368 1512 4422 et
1532 4370 1650 4440 sagittis

212 4453 381 4511 instructum
400 4453 529 4526 Apollini
553 4454 795 4518 assimilaverunt‚
820 4452 886 4508 vide
904 4451 976 4509 (leil.
995 4453 1030 4508 V.
1052 4453 1100 4518 12,
1121 4450 1167 4507 11:
1202 4450 1377 4507 simulacrum
1400 4455 1485 4525 ipitm
1509 4458 1558 4512 dci
1594 4461 1650 4514 Vc-

214 4543 312 4610 dinmb,
334 4545 406 4616 quod
424 4551 462 4598 cst
478 4547 508 4599 iu
525 4545 604 4611 aede,
632 4545 665 4599 dc
683 4563 737 4617 quu
754 4562 837 4614 supra
857 4543 929 4608 diui,
959 4545 1069 4614 capillus
1087 4547 1164 4606 leuet,
1194 4559 1262 4614 quus
1279 4548 1342 4596 aunt
1358 4544 1479 4600 uidelicet
1492 4554 1596 4619 parias
1614 4549 1649 4604 ad

214 4635 378 4699 nocendum
407 4641 574 4708 quapropter
598 4654 660 4692 eum
679 4636 758 4690 deum
774 4636 931 4706 plerumque
948 4634 1102 4706 Apollinem
1129 4651 1184 4686 cere
1204 4633 1345 4704 duumuiri,
1371 4634 1583 4708 immolaturque
1605 4640 1651 4693 su

213 4726 271 4780 ritu
298 4726 414 4780 bumauc
438 4744 539 4798 cupra,
567 4727 673 4798 eiusque
699 4725 823 4780 animulis
840 4728 1006 4797 flpmcutum
1031 4724 1107 4778 iustu
1138 4723 1314 4778 siruulucrum
1338 4728 1401 4778 utut.
1441 4724 1514 4780 addc
1538 4726 1648 4783 Preller

214 4815 306 4884 Myth.
330 4815 410 4871 Rom.
435 4834 463 4886 p.
482 4816 544 4872 235.
563 4816 607 4872 ed.
625 4816 647 4872 I.
689 4815 803 4870 Numen
829 4815 925 4870 autem
948 4814 1032 4870 huius
1057 4813 1104 4869 dei
1127 4830 1145 4868 a
1168 4812 1246 4868 iulia
1269 4815 1355 4884 gente
1379 4813 1512 4884 religiose
1537 4817 1647 4871 cultum

215 4919 274 4960 esse
302 4904 425 4960 testatur
451 4904 554 4960 titulus
582 4922 648 4963 arae
666 4903 785 4962 Bovillis
810 4905 941 4974 repertae
967 4903 997 4959 0.
1015 4903 1102 4958 Iuscr.
1123 4902 1185 4958 Lat.
1205 4901 1276 4962 807:
1309 4901 1484 4962 VEDIOVEI
1507 4903 1646 4966 PATREI

216 4993 417 5056 GENTEHAES
436 4995 559 5053 Numi.
