3384 5510
907 285 942 374 gp

204 461 398 533 dicationem
410 460 551 550 exhibet,
573 463 756 536 etiamnunc
776 465 874 554 plane
896 463 1115 536 testificaretur.
1159 461 1337 542 dommodo
1358 470 1492 554 utreque
1517 468 1644 540 civitas

204 569 344 638 indicem
364 589 469 638 rerum
490 570 533 636 ab
545 569 691 656 Augusto
714 577 878 659 gestarum
897 572 933 640 in
955 570 1105 658 delubris,
1130 591 1214 659 quae
1235 572 1437 659 imperatoris
1459 575 1575 646 honori
1598 597 1645 644 ac

204 680 377 748 memoriae
407 683 693 765 consecraverunt,
728 679 934 748 incidendum
964 699 1134 764 curavere;
1167 697 1271 764 neque
1299 685 1407 746 tamen
1429 681 1646 768 Gallograeci

205 795 261 857 aut
281 786 413 854 Pisidae
433 783 530 873 primi
550 784 611 850 hoc
634 786 852 852 venerationis
873 787 1055 872 exemplum
1076 791 1271 872 repererunt,
1304 785 1363 852 sed
1383 792 1456 872 post
1477 788 1560 856 alios
1583 809 1646 858 ve·

204 895 294 960 niam
314 879 402 960 tituli
419 892 515 980 huJus
536 891 675 958 iterandi
697 892 925 978 impetravere,
947 898 983 960 ut
1004 893 1089 960 infra
1112 890 1416 963 demonstrabimus:
1447 913 1547 978 quare
1570 917 1645 962 non

205 1021 325 1068 vanam
347 1019 438 1085 spem
460 997 627 1084 concipere
649 997 743 1084 boet,
775 998 844 1065 fore
865 1004 900 1065 nt
922 999 1096 1083 aliqnando
1119 1004 1247 1086 postera
1275 1003 1366 1066 aetas
1388 1000 1486 1068 etiam
1505 1001 1580 1070 aliis
1606 1002 1646 1073 iu

204 1105 285 1174 locis
306 1103 423 1172 indicis
445 1104 597 1190 reliquias
620 1125 661 1172 ex
682 1105 746 1172 situ
769 1111 801 1172 et
821 1105 962 1172 tenebris
984 1104 1019 1172 in
1039 1105 1145 1172 lucem
1165 1104 1318 1190 proferat.

292 1209 387 1291 Quod
407 1211 581 1296 Augustus,
613 1231 683 1278 eum
705 1211 886 1298 principum
905 1211 941 1277 P.
964 1212 1002 1278 R.
1023 1210 1164 1278 virorum
1193 1216 1318 1278 statuas
1339 1210 1375 1288 in
1396 1210 1466 1279 foro
1488 1211 1645 1297 Augusto

205 1318 369 1386 dedicaret
392 1316 585 1401 eosdemque
607 1317 708 1384 titulis
730 1323 762 1383 et
783 1318 898 1402 elogiis
930 1322 1080 1402 ornaret,
1113 1317 1278 1402 professus
1307 1320 1355 1382 est
1370 1315 1406 1402 ¹),
1437 1337 1472 1384 se
1495 1317 1529 1384 id
1553 1339 1646 1388 com·

204 1429 347 1494 mentum
368 1443 455 1506 esse,
489 1427 524 1489 ut
545 1419 589 1488 ad
609 1423 736 1489 illorum
757 1423 845 1490 velut
871 1423 1035 1509 exemplar
1056 1422 1290 1507 insequentium
1311 1426 1454 1489 aetatum
1474 1423 1645 1511 principes

205 1553 227 1598 a
249 1529 374 1596 civibus
397 1529 618 1616 exigerentur,
635 1515 738 1596 ‘idem
768 1529 937 1598 eonsilium
958 1529 1084 1596 videtur
1106 1529 1205 1596 etiem
1227 1533 1354 1595 secutum
1375 1545 1455 1614 esse,
1487 1549 1560 1598 eum
1582 1529 1644 1598 he·

204 1637 334 1706 redibus
355 1636 440 1704 huno
461 1655 568 1712 rerum
589 1657 611 1702 a
632 1655 667 1704 se
689 1642 848 1721 gestarum
869 1635 1009 1704 indicem
1035 1626 1162 1722 publice
1191 1634 1432 1721 proponendum
1461 1634 1646 1703 mandavit.

205 1744 268 1825 Qui
290 1742 535 1812 commentarius
557 1762 630 1810 cum
650 1742 687 1808 in
709 1742 887 1810 clarissima
908 1743 979 1810 luce
1001 1746 1086 1810 esset
1110 1740 1294 1824 collocatus,
1320 1738 1520 1811 hauddubie
1538 1743 1647 1812 etiam

204 1851 382 1920 litterarum
403 1848 525 1916 auxilio
557 1847 738 1934 posteritati
770 1853 968 1934 propagatus
996 1854 1062 1932 est,
1095 1845 1353 1932 quandoquidem
1382 1866 1423 1914 ne
1452 1850 1646 1918 testamenti

206 1955 336 2041 quidem
376 1954 531 2022 memoria
569 1953 698 2040 penitus
739 1953 923 2022 oblitterata
936 1952 980 2041 ²);
1020 1953 1111 2020 licuit
1146 1951 1245 2038 igitur
1282 1971 1388 2018 rerum
1419 1953 1646 2022 Romanarum

205 2062 415 2149 scriptoribus
436 2061 498 2128 hoe
519 2059 643 2144 insigni
672 2065 876 2128 monumento
906 2060 962 2128 uti.
1005 2059 1054 2126 Ac
1074 2059 1245 2128 Suetonius
1275 2057 1425 2143 quidem,
1459 2057 1554 2128 bomo
1575 2061 1648 2129 sin-

208 2168 315 2254 gulari
336 2166 495 2234 industria
524 2167 686 2252 insignis,
719 2171 754 2252 ut
776 2172 850 2234 acta
870 2166 982 2253 populi
1012 2170 1044 2232 et
1066 2170 1197 2234 senatus
1219 2164 1456 2248 Caesarumque
1486 2166 1648 2253 epistolas

205 2278 422 2364 perscrutatus
445 2278 503 2358 est,
523 2272 571 2340 ita
593 2273 690 2340 etiam
711 2272 796 2340 huno
817 2273 957 2340 indicem
978 2291 1181 2357 nequaquam
1202 2270 1355 2356 neglexit,
1376 2268 1435 2336 scd
1455 2268 1648 2357 inAugusti

205 2381 274 2448 vita
296 2363 528 2447 conscribenda
551 2376 794 2462 diligentissime
816 2377 972 2464 adhibuit,
1004 2377 1126 2464 passim
1147 2374 1262 2442 iisdem
1283 2395 1360 2444 usus
1382 2377 1499 2463 verbis,
1522 2378 1651 2470 quibus

204 2487 370 2571 Augustus
391 2505 443 2552 res
464 2483 637 2551 memoriae
663 2483 813 2572 prodidit,
844 2490 940 2568 atque
962 2483 1061 2550 semel
1074 2481 1100 2570 ³)
1124 2487 1236 2570 aperte
1256 2487 1418 2549 auctorem
1439 2483 1644 2554 testificatus.

204 2595 337 2661 Praeter
366 2589 554 2660 Suetonium
582 2590 669 2659 solus
690 2589 833 2678 Vellejus
862 2591 1050 2682 Paterculop
1072 2610 1135 2657 uno
1169 2588 1311 2656 alterove
1339 2589 1411 2655 loco
1439 2588 1526 2658 hunc
1555 2581 1649 2660 com-

205 2698 397 2766 mentarium
425 2696 552 2765 videtur
580 2697 771 2784 respexisse.
815 2697 866 2793 Ex
889 2697 1015 2782 graecis
1045 2694 1252 2782 scriptoribus
1273 2695 1443 2764 Nicolaum
1463 2697 1645 2768 Damasce-

206 2825 292 2890 num,
321 2804 467 2888 Augusto
491 2808 598 2871 aetate
619 2824 814 2908 supparem„
833 2789 869 2894 ip
890 2802 1046 2890 principis
1069 2800 1210 2868 defuncti
1231 2800 1301 2867 uita
1322 2799 1384 2868 hoc
1404 2817 1510 2876 rerum
1530 2810 1645 2888 gesta-

205 2932 276 2978 rum
311 2908 418 2977 indice
453 2927 546 2977 usum
584 2929 655 2977 csse
690 2879 864 3004 tedmmile
894 2914 962 2995 est,
1002 2925 1195 2994 quamquam
1233 2925 1332 2972 unum
1367 2911 1491 2975 tantum
1530 2909 1646 2978 locum

206 3011 474 3104 deprehendimus
511 3011 555 3082 ad
589 3013 706 3082 indicis
744 3013 925 3101 exemplum
964 3012 1196 3086 conformatum
1206 3003 1251 3100 ⁴),
1308 3011 1439 3084 Cassius
1475 3015 1538 3084 Dio
1571 3037 1645 3088 non

278 3257 306 3328 1)
321 3256 440 3332 ¹Sinelon.
459 3253 533 3328 Aug.
553 3253 598 3314 31.
634 3255 675 3313 De
695 3253 740 3312 bis
758 3253 860 3328 elogiis
877 3254 1004 3314 conteres
1028 3272 1102 3328 quae
1120 3255 1311 3314 Mommsenus
1337 3252 1491 3312 adnotavit
1508 3254 1546 3312 ed
1565 3254 1598 3313 0.
1619 3256 1644 3316 Ι.

205 3346 236 3408 Ia
255 3348 313 3408 vol.
330 3347 352 3414 I,
372 3346 424 3402 281
444 3363 503 3415 seq.
1349 3351 1352 3358 ’

276 3439 304 3510 2)
322 3433 499 3494 Testamenti
515 3434 689 3514 principium
706 3437 857 3510 adscripsit
876 3439 953 3496 Suet.
972 3438 1036 3494 Tib.
1055 3438 1098 3504 23,
1127 3435 1259 3506 quamvis
1282 3436 1400 3492 sommae
1423 3436 1528 3506 aliquis
1545 3435 1643 3510 suspi-

205 3533 285 3589 cetur
304 3527 472 3588 Suetonium
489 3526 645 3597 inspexisse
663 3545 696 3586 eo
712 3531 859 3602 tempore,
890 3547 947 3600 quo
968 3529 1024 3601 ipsi
1041 3529 1137 3586 aditus
1155 3529 1193 3586 ad
1209 3527 1413 3598 imperatorum
1432 3530 1539 3586 secreta
1558 3528 1644 3588 litte-

204 3607 301 3679 rarum
328 3619 511 3676 monuments
533 3617 660 3688 patebat.
710 3619 916 3676 Grammaticos
940 3636 1004 3676 usos
1028 3635 1087 3674 esee
1115 3635 1150 3674 ex
1169 3616 1297 3673 lihericio
1322 3616 1374 3673 104
1402 3635 1458 3675 non
1483 3617 1641 3677 satistuto

205 3710 331 3782 colliges,
348 3726 415 3766 narn
433 3707 476 3764 ibi
492 3707 651 3768 revocanda
669 3708 773 3766 codicis
791 3708 975 3780 Neapolitani
993 3707 1079 3764 lectio
1090 3709 1214 3777 Aspera
1232 3707 1261 3760 iu
1276 3711 1438 3774 memento,
1460 3725 1546 3777 quam
1557 3709 1641 3780 prin·

205 3820 270 3875 ceps
288 3800 381 3858 editor
392 3797 515 3871 proclivi
532 3797 695 3868 conjectura
712 3799 907 3857 immutarisse
920 3798 1042 3856 ridetur.
1080 3799 1153 3854 Sene
1173 3796 1303 3854 liberius
1316 3796 1415 3854 Liviae
1433 3798 1641 3856 testamentum

203 3910 256 3965 pro
274 3890 356 3948 irrito
374 3888 479 3947 babuit
499 3905 532 3946 ao
551 3890 709 3962 suppressit
726 3889 815 3960 (Suet.
835 3891 898 3947 Tib.
917 3890 972 3961 51),
991 3891 1041 3946 sed
1059 3889 1190 3962 Caligula
1207 3889 1306 3959 postea
1324 3887 1422 3960 legata
1439 3906 1474 3945 ex
1489 3888 1641 3960 Augustae

203 3983 375 4040 testamento
399 3982 537 4054 persolvit
557 3981 646 4054 (Suet
673 3980 762 4053 Calig.
789 3982 831 4039 16.
856 3982 892 4038 ef.
916 3981 1003 4038 etiam
1022 3981 1087 4038 Tac.
1106 3980 1180 4036 Ann.
1199 3977 1234 4034 V.
1254 3978 1295 4049 1);
1319 3977 1373 4036 hoc
1391 3977 1481 4051 igitur
1509 3980 1641 4051 tempore

205 4073 351 4144 Augustae
368 4073 572 4132 testamentum
590 4072 701 4145 publici
715 4072 788 4145 juris
806 4073 914 4130 factum
932 4092 992 4131 esse
1010 4075 1231 4132 consentaneum
1250 4072 1301 4143 cst,
1320 4086 1412 4144 neque
1431 4070 1528 4130 meriti
1546 4071 1639 4131 testu·

204 4166 334 4222 mentum
352 4182 403 4222 cnr
419 4163 568 4222 delituisse
587 4181 749 4223 censeamus
767 4165 924 4236 quidquam
942 4182 1044 4223 causae
1063 4166 1115 4224 cst.

277 4258 306 4329 3)
326 4257 403 4312 Suet.
422 4255 496 4328 Aug.
514 4257 560 4312 43.

277 4348 307 4420 4)
325 4346 418 4404 Nicol.
437 4347 519 4404 Danu.
538 4363 562 4402 c.
584 4345 608 4414 l,
627 4346 678 4404 nbi
697 4347 769 4404 dicit
784 4348 944 4422 Angustum
961 4351 992 4408 et
1010 4349 1182 4407 Graecorum
1201 4349 1231 4405 et
1249 4345 1436 4402 barbarorum
1463 4347 1563 4416 gentes
1581 4363 1640 4404 non

193 4438 297 4513 solum
316 4437 402 4495 armis
421 4435 574 4508 subegisse,
594 4455 692 4494 rerum
711 4437 798 4496 etiem
817 4439 926 4498 animos
946 4429 1042 4498 eornm
1059 4437 1240 4496 humanitate
1259 4433 1397 4508 singulari
1417 4435 1454 4491 ed
1472 4435 1642 4506 obsequium

206 4529 357 4604 redegisse,
376 4529 477 4586 ἔπεισεν
495 4525 590 4584 secret
609 4527 779 4598 depraeca,
804 4520 843 4586 ὧν
861 4533 894 4600 δὴ
911 4533 1042 4605 πρότερον
1060 4530 1124 4586 ouidi
1141 4528 1264 4604 ὀνόματα
1283 4526 1422 4594 ἠπίσταντο
1441 4525 1468 4578 oi
1486 4524 1641 4598 ἄνθρωποι,

209 4620 273 4676 edel
289 4639 361 4682 rerer
377 4616 490 4684 ὑπήκοοι
507 4617 628 4691 ἐγένοντο
647 4616 694 4674 διὰ
711 4619 819 4695 μνήμης
824 4616 845 4687 ,’
857 4621 1076 4696 ἧμιρωσᾶμινος,
1104 4620 1200 4678 ὁπόσοι
1217 4617 1289 4680 inis
1300 4615 1394 4684 ‘Pisce
1411 4614 1534 4677 namuci
1551 4634 1643 4672 aare*

205 4711 306 4778 aeter,
323 4709 455 4780 deinceps
473 4725 650 4776 enumerans,
669 4725 742 4780 quee
763 4710 898 4768 breviarii
916 4715 1015 4770 auctor
1032 4712 1158 4770 maxima
1176 4729 1211 4769 ex
1229 4709 1312 4782 parte
1330 4703 1538 4777 praetermisit:
1569 4707 1640 4764 baec

207 4804 283 4862 enim
301 4800 332 4858 in
350 4798 517 4858 memoriam
535 4801 671 4858 revocent
689 4817 762 4873 quas
780 4801 915 4874 leguntur
933 4803 964 4860 in
982 4802 1077 4860 indice
1090 4803 1124 4870 V,
1142 4801 1178 4858 11
1190 4816 1257 4872 seq„
1275 4793 1514 4866 quemadmodum
1525 4795 1640 4852 Sueten

206 4895 278 4966 Aug.
298 4891 332 4948 21
358 4889 479 4948 eundern
511 4889 664 4964 respiciens
694 4891 788 4950 locum
812 4892 942 4966 scripsit:
979 4912 1033 4966 quc
1057 4892 1167 4948 uirtutis
1193 4885 1432 4957 moderationisque
1445 4887 1531 4954 sema
1554 4886 1641 4944 Iader

210 4984 291 5042 etium
310 4999 343 5040 uc
361 4981 483 5054 equae,
515 4979 615 5038 auditu
632 4980 712 5038 mode
731 4981 862 5054 repetitos,
890 4982 1003 5057 petierit
1027 4982 1065 5038 nd
1082 4979 1231 5038 amicitiem
1257 4995 1335 5034 eumn
1353 4975 1503 5050 pepule'pue
1518 4976 1643 5034 hmani

206 5075 277 5133 ultro
290 5091 345 5151 per
364 5073 462 5148 boabo
474 5071 633 5150 pecodem.
679 5071 735 5134 een
757 5071 903 5138 citeriores
926 5072 997 5136 baec
1015 5073 1046 5133 et
1062 5070 1122 5139 alia
1142 5069 1174 5132 id
1190 5086 1280 5144 genus
1297 5067 1482 5143 aptioribus
1504 5067 1638 5130 mom·
