3384 5510
735 289 780 368 26

43 469 263 544 interdadum
284 469 417 542 exhibet
438 482 489 561 >,
521 475 558 542 ιι
578 471 626 542 ihi
646 489 760 542 sensus
780 469 888 542 claudi
907 467 1077 560 videatur,
1098 469 1156 540 sed
1184 468 1279 540 credo
1300 470 1474 560 vacgtm

42 580 174 650 litterae
195 579 394 664 insequentis
414 572 577 648 rathum
597 597 678 667 esse,
700 585 812 665 estque
833 579 932 646 etiam
953 577 1037 646 alias
1059 577 1204 646 similiter
1217 581 1365 665 erratum,
1386 580 1476 649 velut

42 686 99 754 IV.
123 687 171 754 20
191 684 434 754 Mordtmannus
455 684 616 770 virgulam
637 685 763 753 notavit
782 690 857 771 post
878 683 1086 765 Minacium,
1119 683 1176 751 ubi
1203 684 1336 752 verbum
1364 685 1475 754 subse·

44 797 155 859 cutum
178 809 252 859 esse
272 788 476 858 manifestum
497 795 555 858 est
598 788 664 857 Sed
685 789 811 858 Graeca
829 787 1043 875 metaphrasis
1065 807 1137 855 cum
1157 786 1210 854 hic
1231 789 1329 876 plane
1351 788 1475 858 deside·

42 902 142 982 retur,
163 895 323 964 restitutio
344 895 476 980 marta,
497 894 560 962 nisi
582 895 668 979 quod
689 895 834 981 suspicor
848 894 1028 979 Augustum
1049 893 1195 981 captivas
1216 913 1317 961 naves
1336 894 1475 964 mores

41 1003 195 1070 tabulato
218 1001 329 1068 addito
353 999 592 1085 sublimavisse3
613 1005 650 1066 nt
671 1000 820 1066 adleoaci
835 1000 888 1067 vel
905 998 972 1065 tale
994 998 1071 1082 quid
1089 999 1132 1066 sit
1150 997 1342 1066 addendum
1380 1000 1475 1068 Certe

42 1107 269 1196 Pompejanae
297 1125 399 1173 naves
427 1104 494 1172 lere
515 1103 655 1172 minores
686 1109 794 1190 erant,
823 1110 859 1170 ut
880 1103 1048 1191 Appianus
1070 1105 1107 1170 Β.
1129 1103 1164 1171 O.
1187 1103 1225 1190 V,
1248 1104 1312 1170 106
1332 1103 1475 1172 indicate

43 1209 84 1297 ἦν
106 1210 145 1276 δὲ
175 1213 233 1276 καὶ
253 1209 292 1296 ad
315 1208 425 1294 σκάφη
444 1209 607 1296 Πομπηΐῳ
638 1209 700 1290 μὲν
728 1206 908 1294 βραχύτερα
943 1211 997 1270 acl
1025 1209 1136 1292 κοῦφα
1163 1208 1218 1270 acl
1246 1205 1325 1284 ὀξέα
1354 1207 1389 1284 ἐς
1417 1208 1475 1286 τὰς

42 1316 244 1402 ἐφορμήσεις
264 1337 296 1378 aa
317 1318 372 1378 καὶ
394 1313 578 1399 περίπλους,
603 1315 741 1396 Καίσαρι
762 1311 799 1377 di
820 1312 915 1397 μείζω
939 1315 993 1378 καὶ
1021 1310 1183 1397 βαρύτερα
1213 1314 1268 1377 καὶ
1296 1311 1372 1397 παρ’
1394 1312 1472 1378 adad

44 1427 100 1486 καὶ
124 1419 319 1506 βραδύτερα.
373 1418 526 1505 Pompeio
549 1418 685 1486 biremes
707 1418 808 1486 tuisse
831 1419 917 1486 Suet.
939 1417 1022 1502 Aug.
1047 1419 1087 1485 16
1112 1417 1291 1502 significat3
1323 1417 1470 1504 Augusto

44 1533 122 1596 tunc
151 1533 282 1614 praeter
309 1523 446 1592 biremes
476 1523 603 1589 fuerunt
632 1522 771 1588 maxime
801 1522 945 1590 triremes
974 1521 1126 1608 (Appiam.
1148 1522 1186 1606 V,
1210 1520 1265 1608 80)
1296 1522 1475 1590 ueletiam

43 1633 188 1719 majores
221 1631 277 1717 (ih.
300 1628 366 1716 98).
417 1630 538 1696 Rursus
559 1627 693 1694 Antonii
723 1627 836 1694 classis
859 1626 990 1693 nemum
1019 1624 1241 1710 magnitudine
1263 1624 1476 1693 Octavianam

44 1737 235 1824 superabat,
264 1735 340 1802 hinc
361 1733 474 1819 Vellej.
496 1733 539 1799 II.
563 1733 615 1817 84,
636 1733 672 1796 2ι
707 1731 839 1796 navium
860 1731 922 1796 bac
942 1731 1131 1814 mapaitudo
1151 1731 1291 1812 modica,
1318 1751 1377 1798 ccc
1399 1733 1476 1798 cele·

44 1843 142 1908 rituti
175 1841 331 1920 adversa,
365 1838 426 1904 illa
456 1837 561 1920 specie
591 1835 785 1916 terribilium
818 1833 903 1902 adde
924 1835 1008 1901 Flor.
1030 1835 1073 1901 Π.
1095 1835 1148 1920 21,
1168 1835 1224 1919 qui
1245 1835 1324 1902 dicit
1343 1836 1477 1904 Antonii

44 1965 150 2015 naves
172 1967 196 2012 a
218 1944 304 2012 senis
333 1962 490 2010 remomm
518 1939 684 2008 ordinibus
713 1940 748 2006 in
778 1960 921 2008 novenos
952 1938 1006 2028 (ci.
1028 1941 1125 2008 etiam
1148 1941 1210 2008 Dio
1234 1942 1270 2009 0.
1290 1943 1327 2028 L,
1351 1943 1402 2010 18.
1423 1944 1475 2012 29.

42 2053 96 2120 32.
117 2049 284 2118 Plutarch.
305 2049 423 2115 Anton.
445 2047 497 2113 61.
518 2045 609 2113 Oros.
631 2045 686 2131 VI,
710 2045 761 2129 19,
784 2045 839 2128 qui
857 2045 989 2112 Antonii
1012 2045 1147 2112 classem
1169 2052 1323 2130 quantum
1342 2067 1474 2116 numero

42 2156 197 2243 cessisse,
227 2159 352 2220 tantum
372 2151 594 2238 magnitudine
623 2150 850 2237 praecelluisse
872 2149 967 2237 dicit,
999 2171 1075 2216 nome
1097 2149 1341 2234 decempedam
1362 2153 1472 2220 altitu·

44 2262 119 2329 dice
150 2282 173 2328 α
203 2261 288 2326 mori
316 2258 474 2346 aberant),
506 2255 645 2341 Augusti
673 2275 774 2323 naves
802 2276 823 2322 a
851 2254 936 2322 binis
965 2254 1123 2324 insenos
1153 2255 1310 2341 remigum
1347 2256 1475 2326 ordines

44 2366 199 2453 crevisse,
221 2364 257 2432 id
278 2362 364 2449 quod
384 2383 489 2430 meam
511 2361 727 2446 conjecturam
754 2360 860 2426 firmat
887 2378 987 2426 naves
1016 2360 1173 2446 minores,
1204 2380 1301 2444 quam
1327 2361 1475 2451 biremes,

46 2476 162 2557 captas
185 2469 230 2537 ab
252 2468 399 2554 Augusto
421 2466 593 2552 ampliatas
615 2483 695 2532 esse.
741 2462 835 2530 Adde
857 2464 969 2549 Veget.
991 2464 1028 2530 V.
1049 2465 1080 2549 3,
1102 2464 1156 2548 qui
1176 2465 1274 2532 refert
1294 2467 1475 2553 Augustum

44 2573 133 2660 apud
154 2572 286 2640 Aetium
315 2573 516 2659 potissimum
538 2571 750 2638 Liburnarum
772 2570 920 2657 navium,
950 2589 1034 2656 quae
1055 2569 1193 2638 biremes
1215 2577 1323 2659 erant,
1353 2571 1474 2641 auxilie

44 2679 218 2750 victoriam
237 2677 460 2767 reportavisse.

558 3023 561 3030 ¹
675 2932 757 3022 dap.
778 2931 841 3002 Iv.

132 3110 170 3176 P.
193 3108 219 3194 I,
241 3107 282 3175 21
305 3103 536 3192 triumphorum
571 3125 721 3173 numerus
753 3124 946 3191 quamquam
975 3112 1008 3174 et
1035 3107 1070 3174 in
1098 3105 1199 3173 latino
1234 3111 1267 3174 et
1295 3105 1330 3173 in
1356 3125 1474 3192 graeco

47 3215 196 3301 exemplo
220 3212 419 3280 oblitteratas
437 3217 494 3297 est,
515 3216 624 3277 tamen
646 3210 803 3278 restitutio
826 3216 922 3299 certa,
946 3232 1042 3298 quam
1064 3212 1230 3280 confirmat
1250 3211 1476 3300 Sueton.Aug.

47 3321 99 3406 22,
116 3322 172 3405 qui
189 3319 250 3386 hoa
264 3335 388 3402 quoque
401 3316 472 3382 loco
489 3315 574 3383 hunc
590 3314 730 3382 indicem
743 3315 900 3401 sequitur:
922 3315 971 3382 bis
994 3337 1093 3383 ovans
1113 3317 1277 3401 inpressas
1294 3322 1342 3385 cst
1354 3317 1475 3402 arbem,

43 3430 119 3508 post
130 3423 341 3506 Philippense
365 3427 397 3488 et
417 3441 533 3488 carsae
550 3427 627 3504 post
647 3421 792 3488 Siculum
814 3420 945 3488 bellum.-
971 3422 1094 3489 curedis
1117 3421 1296 3506 triumphos
1318 3423 1379 3489 tris
1400 3423 1475 3507 epit,

46 3526 279 3606 Dalmaticum,
302 3526 487 3608 Actiacam,
508 3526 788 3613 Alexandrinum,
825 3527 973 3593 coctiaco
997 3526 1106 3593 triduo
1128 3547 1241 3593 omncs.
1284 3525 1356 3594 Huc
1378 3527 1477 3594 etiam

47 3638 197 3719 spectant
225 3651 336 3702 versus
357 3630 469 3700 Albini
495 3652 536 3697 ex
564 3651 671 3698 rerum
699 3633 917 3699 Romanarum
943 3631 1025 3698 libro
1047 3633 1064 3697 I
1093 3631 1181 3719 apud
1200 3631 1300 3700 Prisc.
1321 3633 1394 3722 VH,
1415 3634 1476 3701 22ι

330 3737 400 3822 Ille,
422 3737 474 3803 cui
492 3737 591 3804 ternis
613 3736 775 3824 (lapitoha
797 3738 885 3805 celsa
905 3736 1073 3822 triumphis

329 3841 451 3928 Sponte
473 3840 567 3908 deum
587 3848 730 3929 patuere,
752 3841 804 3910 cui
825 3842 908 3909 treta
930 3841 1019 3907 nulla
1040 3843 1185 3927 repostos

331 3944 537 4014 Abscondere
558 3948 657 4034 sinus,
679 3968 743 4014 non
765 3953 853 4014 tutae
874 3945 1041 4013 moenibus
1061 3946 1167 4014 urbes.

134 4051 171 4119 P.
192 4051 219 4139 1,
240 4051 283 4118 22
307 4048 388 4140 [cum
406 4059 521 4136 postca
540 4052 662 4143 poledris
684 4055 862 4137 triumphos
882 4053 963 4120 mitt
984 4058 1114 4120 secatus
1135 4050 1326 4120 decrevisset
1352 4052 1476 4144 scripsi,

50 4153 116 4222 fere
137 4157 260 4242 priores
282 4163 418 4244 secutus,
449 4179 524 4225 uem
547 4159 633 4243 quod
654 4159 790 4227 fortasse
812 4159 928 4244 aliquis
951 4157 1102 4245 conjiciat
1134 4155 1277 4248 [eamque
1299 4159 1382 4226 alios
1403 4157 1476 4248 t]rc‘e
1547 4169 1558 4194 ¹

52 4260 231 4346 triumphos
251 4260 481 4331 restituendum
502 4283 585 4350 esse,
617 4264 712 4332 nimis
732 4264 888 4331 incertum
909 4268 967 4332 est.
1009 4261 1135 4331 Deinde
1156 4260 1353 4331 interductus
1372 4263 1408 4330 in
1429 4263 1477 4329 la·

50 4363 125 4447 pide
145 4371 219 4452 post
240 4365 375 4448 deposci
395 4365 559 4435 adhibitus
587 4368 712 4436 ratione
734 4374 839 4454 caret,
872 4367 1019 4453 quamvis
1039 4368 1254 4435 Mommseuus
1275 4369 1476 4456 probaverit:

52 4485 128 4536 nam
147 4477 224 4539 vota
245 4471 280 4536 in
302 4471 462 4559 Capitolio
484 4479 517 4539 et
537 4480 762 4560 nuncupantur
792 4478 825 4540 et
845 4471 1042 4559 redduntur,
1075 4473 1249 4558 eodemque
1276 4473 1348 4542 loco
1378 4475 1476 4542 etiam

52 4569 187 4642 tascium
205 4574 338 4642 laureae
353 4575 569 4662 deponuntur:
593 4579 721 4646 omnino
742 4584 850 4646 autem
862 4579 1010 4646 convenit
1022 4578 1210 4666 principalis
1225 4579 1360 4647 actionis
1372 4580 1477 4648 locum

53 4673 224 4764 designari.
275 4681 344 4747 Ista
366 4679 527 4748 distinctio
549 4687 615 4748 tum
638 4682 764 4750 demum
785 4680 984 4749 admittenda
1006 4682 1105 4769 foret,
1134 4683 1163 4750 si
1183 4663 1347 4768 Augustus
1368 4691 1478 4753 vetere

53 4797 139 4849 more
169 4785 326 4870 abrogato
354 4785 463 4852 laurus
488 4785 696 4873 triumphales
725 4786 760 4854 in
789 4787 855 4854 alio
884 4786 955 4854 loco
988 4785 1197 4874 deposuisset.
1239 4788 1326 4856 Sane
1347 4789 1477 4858 Sueten.

53 4881 134 4971 Aug.
151 4891 194 4957 29
215 4889 313 4957 refert
332 4889 510 4977 principem
531 4890 693 4978 semisse,
715 4896 751 4959 ut
771 4891 806 4959 in
827 4890 945 4978 templo
966 4890 1079 4958 Martis
1101 4892 1223 4962 Ultoris
1244 4893 1284 4961 da
1305 4894 1396 4962 tetta
1418 4896 1477 4962 tri·

54 4991 239 5080 amplaque
261 4995 479 5064 consuleretur
499 5001 647 5080 senatus,
664 4995 856 5082 provincias
877 5015 949 5064 cam
970 4994 1106 5080 imperto
1124 4996 1261 5082 petituri
1280 4997 1356 5068 blac
1378 4997 1475 5068 dedu·
