3384 5510
888 229 933 304 42

201 411 364 503 Augustus
379 412 422 502 (v.
433 410 499 482 ind.
509 410 564 498 IV,
576 408 620 498 8).
648 407 833 496 Atquehuc
847 405 951 476 resero
963 423 1116 491 nummos,
1130 400 1166 470 in
1180 398 1296 489 quibus
1311 397 1479 488 scriptum:
1498 397 1573 466 Vct.
1585 394 1623 462 P.

202 543 284 591 succ.
294 543 359 606 pro
374 521 478 588 salute
493 527 523 586 ct
536 517 643 584 reditu
657 516 692 584 J.
708 517 744 584 O.
755 516 806 582 M.
821 535 960 595 sacrum,
983 519 1015 580 et
1031 512 1115 598 quod
1133 509 1254 578 ibidem
1267 508 1380 578 Martis
1394 507 1522 592 effigies
1539 503 1625 572 exhi·

202 629 301 715 betur,
324 627 513 696 documento
532 629 581 691 est
602 623 683 690 haec
700 627 777 688 uota
796 627 864 688 tarn
877 620 968 688 Jovis
990 639 1086 703 quam
1100 617 1212 684 Martis
1226 615 1355 682 'numini
1375 617 1527 696 suscepta
1551 627 1628 674 esse.

288 734 323 800 P.
345 733 388 817 ll,
411 733 453 798 18
474 730 697 812 municipatim
718 729 933 796 Mommscnus
963 725 1106 811 scripsit,
1136 722 1224 810 apud
1245 723 1411 788 Perrotum
1433 725 1482 786 est
1502 719 1627 788 MVNI·

202 839 401 924 emnium,
432 838 508 904 Luc.
529 835 731 902 MVNIOIMI
754 835 854 920 tlth,
888 833 996 902 Ghish.
1018 828 1300 910 MVlllOIPllltld
1352 831 1476 899 Deinde
1498 834 1628 916 succipi-

202 951 357 1014 coucruut
376 964 472 1026 saepe
494 941 578 1028 dedi,
610 962 686 1008 nam
709 941 857 1006 continuo
886 937 971 1024 quod
993 939 1188 1004 Mommseno
1211 935 1340 1022 placuit,
1368 938 1444 1005 ferri
1466 959 1535 1006 nen
1558 946 1626 1024 pot·

202 1057 267 1120 cst:
299 1071 359 1118 nee
380 1056 488 1116 tamen
509 1049 665 1135 interpres
687 1047 873 1135 culpandus,
906 1047 961 1133 qui
983 1051 1118 1128 συνεχῶς
1139 1043 1275 1130 scripsit,
1298 1067 1374 1112 nam
1394 1047 1624 1135 glossographi

135 1177 142 1186 “
201 1163 325 1226 ueteres
356 1159 493 1236 συνεχῶς
520 1155 769 1241 interpretantur
798 1155 936 1232 assidue,
971 1154 1190 1233 continuatim,
1222 1153 1424 1236 frequenta,-
1457 1160 1561 1239 atque
1581 1159 1627 1223 ita
1666 1183 1667 1196 .

204 1264 321 1332 Graeci
352 1263 537 1347 scriptores,
566 1263 654 1328 velut
675 1261 863 1347 Apollonius
886 1261 926 1328 de
947 1280 1088 1348 pronam.
1110 1281 1141 1346 p.
1163 1261 1237 1338 396,
1270 1257 1315 1324 0:
1346 1262 1400 1322 nat
1417 1257 1568 1343 Ἀλκμὰν
1591 1257 1627 1346 δὴ

202 1370 340 1448 συνεχῶς
361 1365 519 1443 αἰολίζων,
549 1367 606 1432 nbi
628 1366 656 1433 si
678 1368 749 1450 quis
771 1369 893 1447 συχνοῖς
915 1368 1055 1434 scribere
1076 1366 1176 1451 malit,
1210 1365 1291 1431 nihil
1313 1370 1398 1450 aget,
1431 1385 1509 1432 num
1532 1367 1630 1452 hujus
1666 1383 1667 1432 l

201 1475 335 1544 voculae
358 1473 472 1540 eudem
494 1479 542 1540 est
562 1473 767 1557 ambiguitas.
823 1473 939 1540 Mirum
971 1473 1107 1540 fortasse
1137 1471 1317 1556 videbitur,
1351 1472 1436 1556 quod
1465 1473 1626 1562 interpres
1665 1435 1667 1580 4

203 1583 382 1664 σύμπαντες
403 1577 435 1644 oi
456 1578 599 1645 notatam
622 1577 840 1662 ὁμοθυμαδὸν
862 1579 997 1666 scripsit,
1019 1578 1075 1644 ubi
1096 1579 1231 1645 latinum
1254 1579 1433 1665 exemplum
1455 1579 1539 1646 nihil
1564 1578 1626 1646 nisi
1666 1643 1667 1664 ,

196 1675 344 1756 ‘intonsa'
366 1685 449 1754 ciues
471 1684 663 1773 suppeditat,
692 1684 750 1753 sed
773 1684 898 1762 addidit
919 1685 980 1752 hoc
1003 1683 1043 1751 de
1065 1704 1131 1770 suo,
1154 1683 1419 1769 quemadmodum
1441 1686 1626 1770 glossogra-

202 1793 259 1881 phi
278 1799 402 1862 veteres
425 1789 641 1874 ὁμοθυμαδὸν
663 1795 802 1859 vertum:
825 1790 977 1871 uniuersi,
1000 1810 1077 1870 una,
1095 1791 1235 1874 paritor,
1256 1795 1423 1874 prepatim,
1445 1793 1554 1860 simut.

725 2012 726 2015 Ἴ
768 2021 770 2026 ¹
839 2054 920 2144 Cap.
942 2053 990 2127 X.

289 2222 428 2310 Augusti
456 2245 572 2293 nomen
594 2225 739 2292 additum
760 2233 809 2294 cst
830 2227 989 2296 Saliorum
1012 2226 1206 2296 carminibus
1227 2225 1319 2293 initio
1342 2225 1419 2292 anni
1441 2224 1516 2310 725,
1542 2229 1627 2310 post·
1666 2239 1667 2300 j

204 2349 300 2414 qnam
321 2330 475 2417 principis
496 2331 622 2398 litterae
644 2331 687 2398 ud
709 2339 855 2400 senatum
886 2334 1030 2420 perlutae
1054 2339 1145 2418 sunt,
1176 2333 1360 2398 nuntiantes
1383 2329 1564 2398 Tiridatem
1586 2327 1627 2394 ad
1666 2311 1667 2388 i

203 2455 239 2502 se
260 2435 294 2501 in
316 2436 444 2523 Syriam
466 2438 659 2525 confugisse,
680 2439 853 2506 Phraatem
873 2440 1000 2525 legatos
1022 2440 1164 2525 misisse,
1188 2439 1264 2527 (Die
1287 2439 1322 2504 O.
1343 2438 1397 2523 Ll,
1418 2435 1485 2523 20),
1506 2441 1545 2502 ut
1558 2435 1626 2521 jam

203 2540 342 2608 Romani
370 2542 520 2610 Parthico
541 2550 661 2612 terrere
690 2545 818 2612 liberati
847 2565 930 2637 esse
947 2545 1010 2612 sibi
1037 2544 1236 2613 viderentur:
1274 2545 1383 2628 itaque
1411 2542 1481 2628 jam
1515 2561 1626 2608 mense

202 2649 318 2718 Martio
341 2648 410 2736 ejus
432 2649 509 2716 anni
530 2649 612 2718 salii
633 2649 782 2716 videntur
811 2650 965 2737 principis
994 2671 1111 2717 nomen
1132 2649 1327 2717 recitavisse.
1346 2689 1349 2696 ·
1370 2647 1466 2734 Apud
1487 2647 1626 2714 Dionem

203 2753 404 2828 sacerdotum
424 2774 541 2820 nomen
562 2754 764 2822 librariorum
792 2755 916 2822 incuria
938 2756 1154 2822 oblitteratum
1186 2755 1341 2839 existimo,
1378 2752 1505 2838 scripsit
1540 2750 1627 2818 haud

204 2857 317 2927 dubie:
339 2858 373 2934 cc
393 2857 466 2934 νοῦς
482 2857 644 2923 Σαλίων
664 2859 785 2943 ὕμνους
806 2857 902 2926 αὐτὸν
923 2860 959 2938 ἐξ
980 2863 1051 2924 ἴσον
1070 2870 1134 2935 τοῖς
1156 2862 1248 2934 θεοῖς
1268 2857 1503 2944 ἐγγράφεσθαι.
1543 2859 1626 2923 Eun·
1666 2837 1667 2914 3

204 2963 278 3038 dem
298 2966 451 3033 honorem
472 2970 587 3052 postea
608 2965 682 3032 aliis
711 2986 837 3050 qnoque
865 2965 1064 3054 principibus
1086 2965 1280 3053 impertitum
1302 2984 1373 3031 esse
1396 2968 1540 3048 constat3
1575 2982 1626 3029 ne

204 3087 267 3156 qne
295 3091 371 3138 vero
393 3071 428 3138 in
449 3070 500 3139 SO
531 3070 572 3138 de
591 3071 690 3140 Drusi
718 3073 866 3142 (lassaris
896 3074 1071 3143 honoribus
1100 3073 1213 3162 (Orelli
1234 3073 1294 3158 HI,
1316 3069 1417 3158 5381)
1447 3069 1624 3154 Borghesio

203 3175 339 3260 ahisque
365 3176 664 3266 obtemperandum,
696 3178 750 3264 qui
779 3179 939 3246 scribunt:
970 3180 1080 3264 utiquc
1107 3179 1252 3247 omnibus
1283 3177 1401 3264 [sacris
1429 3177 1625 3244 carminibus

203 3279 324 3365 Druso]
359 3279 509 3348 Caesarie
538 3285 669 3350 nomina
697 3276 909 3373 r[ccitcntur],
950 3305 1027 3352 nam
1059 3283 1210 3371 deinceps
1244 3287 1448 3350 recensentur
1480 3282 1626 3366 honores,

204 3404 284 3470 quos
305 3390 444 3471 senatus,
467 3385 545 3453 erdo
567 3393 721 3474 equester,
742 3389 833 3476 plebs
855 3390 981 3456 urbana
1003 3389 1228 3458 decreverunt:
1250 3390 1335 3456 hunc
1352 3387 1626 3456 autemvhonorem

203 3509 269 3556 non
293 3491 432 3574 equestri
453 3491 566 3578 ordini,
589 3491 646 3558 sed
668 3493 795 3560 senatui
817 3493 991 3560 secundum
1012 3495 1197 3580 pontificum
1213 3494 1378 3560 arbitrium
1393 3493 1517 3562 deferre
1529 3495 1626 3562 licuit

203 3593 415 3662 Scribendnm
436 3595 557 3681 potius:
580 3599 689 3682 utiquc
712 3598 856 3666 omnibus
878 3601 1033 3684 [equitum
1055 3599 1453 3686 recopnitionibusDrusu]
1478 3599 1626 3670 Caesaris

138 3713 142 3733 ‘
203 3702 334 3768 uomina
357 3700 599 3787 r[ccitareutur]
621 3703 690 3770 sive
713 3705 998 3772 transocctn'ontbns
1019 3705 1124 3774 malis.
1166 3707 1247 3774 Item
1270 3703 1447 3791 rejicienda
1468 3698 1625 3772 restitutio

203 3803 253 3874 SC
276 3803 317 3874 de
340 3803 522 3873 Germanici
543 3805 727 3895 honeribus,
747 3809 803 3876 ubi
824 3809 958 3895 legitur:
1666 3875 1667 3924 ,

732 3914 799 3980 VR.
821 3915 869 3984 IN
889 3914 1077 3983 PALATIO

327 4113 328 4116 Ἴ
732 4018 780 4087 IN
800 4019 951 4087 EODEM
971 4018 1102 4087 LIBRO

201 4115 390 4203 conjiciunt:
430 4115 583 4206 [carmina
618 4119 703 4202 quod
731 4125 876 4209 cuuit]ur
903 4125 939 4190 in
966 4125 1109 4202 Palatio,
1143 4143 1208 4189 non
1230 4124 1378 4188 curantes
1412 4119 1623 4207 proximorum

201 4240 349 4290 versuum
377 4221 539 4306 reliquias.
590 4223 799 4294 Scribendum
823 4228 966 4297 videtur:
1001 4230 1065 4313 [uti
1093 4229 1224 4312 clupeus
1252 4233 1420 4310 arpcutcus
1437 4229 1624 4311 poncrct]ur

201 4327 238 4393 in
269 4327 402 4392 Palatio
447 4327 548 4411 [inter
586 4337 749 4414 oratores,
784 4334 910 4419 incisis]
945 4336 981 4402 in
1022 4335 1129 4402 codem
1169 4333 1339 4420 libro[rum
1381 4333 1505 4412 titulis,
1548 4349 1622 4416 quos

205 4427 447 4538 Germanicum
475 4433 729 4522 arbitrabantur
771 4438 956 4525 absolvisse]
981 4439 1016 4528 ¹).
1069 4441 1153 4508 Nam
1181 4438 1216 4505 in
1249 4435 1445 4506 bibliotheca
1477 4437 1621 4504 Palatina

200 4715 206 4744 ι
278 4666 304 4737 1)
324 4665 437 4738 Singuli
454 4685 551 4730 versus
573 4670 657 4742 hujus
682 4673 762 4730 tituli
787 4675 928 4732 elementa
953 4678 1062 4734 hubent
1085 4678 1254 4750 plusquam
1281 4675 1416 4748 triginta,
1446 4675 1479 4732 ut
1504 4670 1621 4734 ostendii

201 4773 265 4830 cap.
284 4756 302 4812 3
320 4772 386 4829 pag.
408 4756 430 4821 1,
450 4757 501 4825 qni
519 4758 596 4816 locus
615 4760 645 4816 in
664 4763 738 4820 hunc
756 4765 870 4821 modum
887 4765 1124 4841 redintegrandus
1143 4767 1268 4824 videtur:
1666 4729 1667 4790 ¹

329 4923 332 4928 Ι
379 4924 383 4928 .
450 4846 562 4903 Tertius
580 4849 676 4928 danus,
696 4853 816 4924 [q]se[m
834 4856 909 4926 apud
926 4857 1018 4910 Rheni
1033 4859 1122 4928 reprom
1140 4875 1216 4912 cccr-

417 4934 490 4992 eitus
513 4937 547 4994 de
569 4939 628 5029 inp.
645 4942 682 4998 R.
697 4944 780 5033 ben[c
799 4946 893 5000 morito
912 4943 1026 5020 onem
1037 4949 1108 5004 aar·
