3384 5510
897 223 943 302 ii

210 403 299 477 udat
321 401 408 492 apud
430 401 518 474 Suet.
538 399 622 492 Aug.
643 399 689 472 40
708 399 841 488 legitnrr
864 399 1064 472 armenum
1084 421 1212 490 pucpus
1229 402 1475 490 prietiumrias
1494 397 1631 480 νοᾱοοᾶἱ,

210 531 251 582 aa
278 509 453 594 multiplici
482 527 591 592 pecua
620 509 754 576 coercito
787 507 930 592 ambitu,
962 506 1125 580 Fabianis
1145 515 1177 578 et
1197 509 1440 595 Scaptiensibus
1465 506 1633 578 tribulibus

209 616 280 684 suas
311 616 363 683 alie
394 615 609 698 comitiorum,
639 635 680 680 ue
703 613 781 697 cuii
803 602 1005 698 a'puoquam
1035 613 1210 684 eaadidma
1238 616 1474 697 mutuarent,
1509 611 1635 697 stapula

209 724 303 792 milia
325 741 489 790 uummum
513 741 535 786 a
561 739 595 786 se
617 719 790 786 dividebat.
833 720 947 804 Itaque
975 719 1063 787 nullo
1092 724 1188 806 pacto
1221 719 1285 789 ista
1313 723 1537 810 supplementa
1565 716 1635 786 ferri

209 833 360 920 possunt3
381 825 461 894 mihi
482 822 611 912 quidem
629 823 794 909 Augustus
816 824 983 914 scripsisse
1003 824 1149 892 videtur:

341 938 374 1000 et
394 930 436 999 iis
458 928 604 999 omnibus
626 947 723 1014 agros
744 927 939 1022 a[alsipuam]
962 934 1018 998 aut
1039 929 1211 1018 pecaniam
1231 950 1290 1020 pro
1314 929 1466 1024 pr[aemic
1488 927 1635 1034 militine

343 1036 427 1106 dedi.
1479 1103 1482 1107 .

212 1143 343 1212 (tertam
364 1147 413 1210 est
434 1139 619 1226 adsipuaui,
658 1137 779 1226 sprevit
799 1143 908 1206 tamen
928 1137 1159 1228 Mommsenus,
1196 1140 1251 1226 qui
1280 1139 1366 1226 quod
1392 1159 1486 1210 suum
1513 1142 1636 1228 supple

210 1256 352 1320 mentum
365 1247 485 1316 collato
507 1244 578 1312 loeo
600 1243 660 1329 ΠΙ,
676 1245 718 1310 22
733 1263 799 1327 seq.
821 1242 1038 1312 commendari
1060 1244 1154 1330 dicit,
1178 1244 1346 1312 dissimilia
1366 1265 1496 1332 prorsus
1513 1267 1636 1332 eompa-

210 1355 314 1440 revit3
335 1371 474 1438 namque
495 1351 543 1418 ibi
562 1358 685 1438 septem
705 1356 830 1419 tantum
852 1373 1009 1420 annorum
1029 1354 1175 1439 praemia
1196 1361 1437 1441 enumerantur,
1459 1355 1512 1421 hie
1535 1356 1637 1440 agitur

211 1461 253 1528 de
274 1459 428 1527 militibus
451 1457 591 1526 dimissis
612 1477 671 1545 per
692 1458 824 1543 longam
846 1478 1001 1526 annornm
1029 1459 1161 1545 seriem,
1194 1459 1309 1544 quibus
1331 1459 1495 1545 Augustus
1516 1481 1636 1546 rempu·
1658 1539 1659 1550 ξ

189 1564 331 1632 ,eneam
353 1561 597 1630 administrarit.
642 1561 784 1642 Quodsi
805 1562 872 1629 illis
893 1569 1015 1649 septem
1045 1563 1138 1630 annis
1161 1563 1308 1630 ueterani
1336 1565 1480 1650 praemia
1502 1561 1659 1650 Augusti

212 1667 399 1738 liberalitati
422 1673 557 1753 accepta
577 1667 768 1754 retulerunt,
800 1687 865 1753 qua
887 1666 928 1734 de
950 1687 985 1735 re
1006 1668 1093 1734 infra
1125 1667 1267 1754 dicetur,
1300 1669 1369 1736 veri
1390 1669 1494 1738 simile
1524 1677 1636 1737 estre

212 1774 308 1858 liquis
330 1773 425 1840 annis
448 1778 586 1838 sumtum
606 1772 733 1858 publice
749 1773 988 1860 suppeditatum
1010 1793 1090 1859 esse,
1122 1773 1177 1857 qui
1207 1779 1327 1840 sumtus
1356 1779 1392 1839 ut
1413 1775 1483 1841 sine
1504 1773 1636 1841 diffionl·

210 1883 278 1946 tate
309 1879 345 1946 in
376 1881 539 1963 posterum
568 1882 768 1963 suppeteret,
806 1897 892 1944 anno
918 1877 983 1944 758
1021 1877 1180 1944 aerenum
1208 1878 1346 1944 militare
1374 1879 1557 1946 institutum
1587 1855 1659 1946 esti

211 1982 339 2052 Deinde
362 1980 545 2048 dubitanter
566 1982 681 2067 scripsi
699 2001 761 2063 pro
779 1979 937 2069 pr[uemis
958 1977 1125 2070 militJiae‚
1147 2003 1224 2049 nam
1245 1983 1281 2049 in
1302 1982 1410 2069 lapide
1432 1982 1562 2051 videtur
1582 1983 1636 2050 Ml

213 2088 290 2174 legi,
313 2087 401 2154 solus
420 2085 526 2151 Lucas
548 2085 605 2150 ΑΕ
628 2085 768 2170 exhibet,
792 2084 850 2152 sed
872 2085 933 2152 fuit
954 2085 1068 2172 opinor
1087 2086 1171 2153 IAE.
1221 2087 1372 2154 Fortasse
1399 2088 1564 2155 existimet
1586 2088 1636 2153 ali·
1658 2091 1659 2126 r

90 2249 91 2252 ,
213 2193 286 2278 quis
307 2191 372 2258 mei
393 2190 605 2276 supplementi
626 2211 691 2262 non
713 2190 792 2256 satis
816 2210 921 2277 capax
943 2210 1014 2258 esse
1036 2191 1251 2278 interstitium,
1273 2191 1431 2276 siquidem
1452 2213 1572 2287 nouem
1594 2192 1636 2258 lit

213 2304 301 2366 teras
324 2295 502 2363 desiderari
524 2301 632 2364 censet
652 2296 885 2362 Mommsenus:
919 2295 978 2363 sed
1007 2296 1088 2364 haee
1109 2296 1192 2364 ratio
1214 2318 1329 2383 parum
1352 2303 1457 2384 certa,
1490 2297 1659 2382 quemad,

212 2401 343 2497 modum
363 2401 398 2468 in
418 2401 563 2488 proximo
586 2420 681 2467 versu
703 2406 774 2468 octo
801 2400 924 2466 litteras
960 2400 1160 2470 oblitteratas
1183 2421 1254 2469 esse
1282 2401 1379 2489 dicit,
1412 2408 1447 2471 at
1468 2402 1635 2470 secundun

212 2508 480 2594 supplementum,
511 2503 597 2590 quod
617 2504 688 2592 ipse
709 2504 924 2572 Mommsenus
944 2505 1111 2592 probavit,
1132 2527 1249 2574 novem
1270 2506 1401 2574 desunt:
1437 2507 1548 2593 itaque
1569 2527 1636 2574 mea
1658 2519 1659 2546 ξ

212 2615 398 2684 coniectura
426 2633 492 2680 non
521 2615 570 2678 est
598 2610 779 2676 calumniae
808 2610 959 2677 obnoxia.
1023 2610 1179 2677 Praemia
1204 2612 1317 2695 piuitae
1346 2612 1481 2680 militiae
1509 2613 1659 2690 Tacitm}

213 2720 296 2788 dixit
318 2719 433 2788 ΑιιηοΙ.
455 2718 481 2784 Ι.
504 2715 565 2800 26;
599 2719 790 2780 structuram
812 2713 917 2800 ipsam
940 2733 982 2780 ne
1005 2714 1076 2799 quis
1098 2736 1120 2782 a
1142 2715 1236 2783 latini
1256 2717 1411 2784 sermonis
1433 2735 1494 2784 usn
1509 2737 1552 2785 ae
1572 2737 1636 2803 pro·
1658 2795 1659 2798 ξ

212 2825 350 2914 prietate
372 2823 544 2890 adhortare
573 2818 747 2902 existimet,
776 2816 915 2886 adhibeo
938 2817 1102 2886 Ciceronis
1131 2819 1236 2886 locum
1265 2818 1305 2887 de
1326 2820 1500 2907 provinciis
1522 2820 1635 2888 consul

214 2949 242 2996 c.
264 2930 303 3000 3:
337 2933 490 3013 quattuor
513 2929 589 2990 suut
605 2923 807 3006 prociueiue,
842 2943 924 3007 puus
945 2923 1034 2990 uobis
1056 2924 1169 2992 inuitis
1190 2931 1221 2992 et
1242 2925 1405 3009 oppressis
1420 2927 1574 3008 pestiferi
1593 2924 1636 2991 illi
1658 2967 1659 3010 3

214 3033 359 3102 cousules
375 3053 441 3116 pro
463 3048 589 3098 euersae
610 3027 808 3110 reipublicae
825 3029 984 3109 praemiis
1013 3035 1258 3110 occupauerunt.
1301 3030 1449 3115 Denique
1471 3049 1545 3097 cum
1566 3031 1635 3098 Gro-
1658 3015 1659 3076 3

213 3137 310 3206 novio
332 3136 447 3224 scripsi
468 3135 633 3218 aliquauto
651 3133 754 3215 plura
776 3137 812 3199 ut
832 3137 881 3200 est
902 3133 961 3219 HI,
983 3133 1035 3219 21,
1059 3133 1273 3202 Mommsenus
1290 3135 1378 3218 plus.

301 3240 354 3307 Ad
377 3238 513 3307 eundem
533 3236 663 3303 modum
684 3236 799 3303 refinxi
821 3257 972 3321 graecam
993 3237 1304 3324 interpretationem,
1331 3238 1365 3304 Π
1386 3257 1417 3305 v.
1438 3237 1459 3304 3
1481 3235 1634 3308 memmiae

215 3344 357 3433 scripsi,¹
375 3343 409 3411 in
430 3339 540 3429 lapide
562 3340 736 3421 HOlllttK
755 3359 826 3406 esse
847 3340 1048 3427 perhibetur,
1078 3343 1134 3410 ubi
1157 3347 1189 3407 K
1207 3342 1296 3410 haud
1325 3341 1422 3411 dubie
1443 3361 1485 3408 ex
1505 3345 1570 3406 Aa
1589 3341 1634 3408 de·

214 3453 404 3538 pravatum3
425 3467 456 3515 v.
477 3447 501 3514 4
522 3450 555 3512 ot
576 3444 597 3512 5
619 3449 731 3512 moues
754 3450 924 3532 supersunt
945 3446 1118 3531 reliquiae:

746 3549 947 3620 ΞΣΤΡΛΤΙ
1096 3553 1127 3616 Σ

746 3657 774 3718 O
822 3659 872 3721 TI

300 3761 336 3830 P.
358 3762 384 3848 I,
409 3760 459 3828 19.
480 3760 524 3827 20
545 3759 759 3828 Mommsenus
781 3758 900 3827 edidit:
928 3759 1039 3827 Nares
1061 3759 1132 3842 cepi
1152 3757 1333 3848 sesceu[tas‚
1351 3766 1487 3844 praeter
1508 3759 1584 3850 elas,
1610 3756 1633 3826 si
1658 3779 1659 3874 ξ

215 3891 297 3955 quac
325 3865 478 3957 miuore[s
509 3885 606 3950 quum
636 3863 795 3955 trir]emes
824 3867 980 3948 fuerumt,
1016 3871 1048 3933 et
1076 3866 1144 3934 fere
1173 3865 1286 3932 eodem
1315 3871 1411 3952 paeto
1438 3865 1561 3953 priores
1583 3864 1659 3956 hoe}

214 3972 414 4042 enuntiatum
443 3969 730 4040 conformaverunt.
784 3969 865 4037 Mihi
894 3989 971 4038 uero
1001 3969 1083 4038 haec
1104 3971 1273 4038 verborum
1301 3975 1460 4040 structura
1489 3971 1568 4038 satis
1593 3969 1632 4036 in·

214 4065 321 4147 solens
344 4084 376 4145 et
396 4079 533 4146 molesta
552 4077 688 4163 videtur,
710 4096 849 4162 namque
876 4098 975 4145 uaues
998 4079 1070 4161 cepi
1087 4084 1221 4163 praeter
1241 4079 1380 4146 minores
1401 4085 1560 4146 scsceutas
1583 4076 1632 4144 tri
1658 4099 1659 4168 j

213 4202 315 4250 remes
335 4184 385 4250 uel
406 4186 626 4267 quadriremes
648 4186 712 4272 (ecl
733 4185 917 4252 triremibus
930 4175 1087 4274 majores)
1111 4185 1176 4254 diei
1191 4187 1376 4273 oportebat3
1398 4187 1531 4254 offendit
1546 4185 1631 4254 etiarn

213 4308 363 4356 numerus
391 4289 523 4358 navium
555 4289 598 4357 ad
620 4291 773 4359 amussim
795 4297 944 4376 exactus,
978 4291 1061 4358 alias
1092 4292 1178 4358 enim
1199 4292 1363 4378 Augustus
1384 4291 1559 4378 majoribus
1584 4307 1631 4356 au·

214 4393 311 4460 meris
334 4392 390 4459 ubi
412 4393 528 4480 utitur,
557 4396 630 4482 plus
652 4396 797 4462 minusve
828 4413 899 4462 esse
920 4393 1051 4460 indicat.
1095 4395 1242 4480 Denique
1262 4396 1298 4463 in
1318 4393 1558 4480 intercapedine
1576 4411 1630 4460 nor

214 4502 263 4564 tot
283 4497 410 4564 litterae
432 4497 581 4566 videntur
603 4499 806 4567 oblitteratae
829 4517 909 4565 esse.
941 4497 1061 4578 „Quare
1083 4500 1213 4587 scripsi:

301 4603 410 4670 Naves
422 4603 494 4690 cepi
504 4603 679 4694 sescentals
687 4606 777 4688 fere:
793 4601 870 4693 elas,
880 4603 907 4670 si
918 4622 1002 4688 quae
1011 4603 1163 4694 minore[s
1174 4624 1270 4688 puam
1281 4601 1431 4695 bir]emes
1444 4603 1629 4692 fuerunt...-

214 4707 297 4776 solet
318 4707 404 4776 enim
424 4708 598 4795 Augustus,
631 4708 687 4776 ubi
709 4697 894 4796 explicandi
916 4707 1023 4793 gratia
1045 4707 1169 4794 aliquid
1190 4707 1329 4796 subjicit,
1362 4704 1629 4798 apronomiaer's

214 4831 345 4881 sensum
365 4812 527 4901 inchoare,
557 4815 597 4882 oi.
619 4815 679 4904 111,
702 4814 754 4883 21.
776 4814 828 4882 23.
850 4813 889 4900 V,
912 4815 942 4880 l.
964 4812 1016 4880 24.
1037 4813 1094 4901 VI,
1116 4813 1168 4883 25.
1212 4813 1362 4884 Biremes
1382 4815 1538 4904 praetuli,
1566 4829 1628 4900 quo

214 4918 304 4986 niam
336 4923 409 4990 octo
442 4923 566 4989 tantum
596 4921 723 4992 litterae
754 4917 890 5008 periisse
918 4917 1076 4988 videntur.
1125 4919 1212 4989 Sane
1233 4920 1383 4992 Perrotm
1412 4925 1486 5012 post
1507 4915 1627 5008 fueruat
