3384 5510
902 303 946 382 ld

211 475 297 566 quod
316 477 351 555 in
372 477 442 569 ipso
471 476 577 552 indiae
599 475 789 566 Pompeiam
818 485 966 568 vocatur,
996 477 1074 549 item
1102 476 1314 566 naumachia,
1350 499 1448 568 qnam
1469 477 1636 570 Augmtm'

212 587 371 657 Graecum
399 588 591 664 vocabulum
625 585 791 656 aversatus
824 589 939 656 cacata
965 589 1182 671 spectaculum
1210 587 1301 658 dixit.
1351 587 1462 674 Neque
1491 611 1567 660 vero
1598 591 1635 672 is,

213 694 267 778 qui
287 695 369 764 haec
391 693 528 781 scripsit,
551 694 689 777 Augusti
719 713 889 780 personam
910 693 1029 779 induit,
1063 693 1121 764 sed
1142 700 1178 762 ut
1199 714 1259 780 par
1281 699 1367 782 erat,
1401 695 1495 766 tertia
1516 697 1635 782 ubique

212 821 350 886 persona
371 801 479 868 utitur.
523 800 612 866 Idem
637 800 753 885 scriba,
784 799 839 884 qui
859 799 1098 886 inscriptionem
1120 800 1301 886 praemisit,
1323 799 1421 866 etiam
1441 801 1526 870 hano
1548 803 1636 872 clau·

213 907 317 978 sulam
338 907 464 974 videtur
486 905 662 992 adjecisse3
693 904 883 992 denariaria,
907 927 973 974 non
993 906 1189 973 sestertiaria
1211 905 1335 973 ratione
1355 907 1461 994 utitur,
1485 913 1638 994 quoniam

212 1013 345 1081 Graecis
366 1013 546 1080 hominibus
568 1012 629 1078 hoc
652 1012 832 1097 exemplum
853 1011 914 1079 fuit
936 1012 1137 1080 destinatum.
1179 1012 1273 1080 Unde
1296 1013 1508 1082 Mommsenus
1530 1015 1637 1084 minus

213 1124 299 1188 reate
321 1120 509 1206 suspicatur,
532 1118 691 1186 Graecum
714 1120 853 1203 aliquem
867 1121 1090 1204 magistratum
1110 1119 1195 1184 hanc
1217 1117 1430 1204 appendicem
1445 1121 1637 1208 subjecisse:

212 1219 289 1294 at‘a
310 1229 454 1293 Romano
477 1225 605 1292 homine
627 1225 709 1292 hacc
730 1226 874 1311 profecta
904 1246 975 1294 esse
1005 1231 1192 1310 argumento
1225 1230 1293 1310 est,
1326 1225 1410 1309 quod
1431 1226 1568 1311 legimus
1593 1227 1639 1295 VI

210 1331 454 1417 treugarum
482 1332 621 1418 plurima
651 1331 736 1399 dona
765 1332 892 1400 dedisse
923 1332 1034 1400 amicis
1055 1331 1327 1415 senatoribusque,
1363 1351 1494 1415 quorum
1522 1353 1640 1400 census

213 1439 406 1526 expleverit:
428 1438 489 1508 hoc
509 1439 614 1524 ipsum
634 1437 719 1508 enim
742 1438 781 1504 de
803 1459 860 1506 suo
884 1438 1009 1508 addidit
1030 1437 1150 1525 pariter
1170 1442 1266 1520 atque
1288 1433 1337 1519 id,
1360 1435 1445 1519 quod
1467 1437 1640 1524 antecedit,
1670 1467 1671 1516 p

210 1546 338 1632 oppidis
352 1544 603 1632 provincialibus
625 1550 830 1612 terraemotu
851 1544 1042 1612 incendisse
1056 1542 1227 1611 consumtis
1244 1540 1448 1612 subvenisse:
1459 1563 1545 1614 uam
1560 1563 1640 1614 neu·
1670 1519 1671 1582 l

210 1654 290 1722 trius
311 1652 515 1720 liberalitatis
536 1651 699 1736 Augustus
721 1650 756 1717 in
777 1651 883 1720 indice
905 1652 1097 1718 mentionem
1119 1649 1204 1717 fecit.

299 1761 408 1829 Latini
428 1759 512 1826 citui
534 1758 657 1844 speeies
679 1756 805 1825 videtur
834 1779 963 1845 prorsus
985 1758 1029 1824 ad
1050 1755 1216 1841 archetypi
1250 1751 1492 1822 similitudinem
1515 1753 1642 1822 coufor-

211 1872 314 1936 mata:
336 1888 413 1934 nam
435 1885 529 1951 quem
551 1863 595 1929 ad
616 1862 744 1930 modum
764 1865 799 1930 in
820 1866 930 1952 templi
952 1865 1117 1952 Ancyrani
1138 1862 1291 1932 vestibuli
1311 1866 1445 1946 utraque
1466 1864 1558 1944 parte
1584 1879 1642 1946 per

210 1978 318 2040 ternas
350 1972 491 2058 paginas
523 1967 622 2036 index
655 1969 825 2055 discriptus
859 1977 927 2056 est,
962 1973 1010 2040 ita
1039 1971 1152 2058 opinor
1181 1971 1216 2037 in
1237 1966 1394 2036 Mausolei
1414 1970 1548 2049 utraque
1570 1965 1642 2052 pila
1670 1969 1671 2054 1

211 2077 348 2146 frontem
369 2083 401 2144 et
423 2077 501 2143 bina
521 2075 624 2142 latera
646 2083 875 2162 occupaverat:
909 2077 960 2145 sin
983 2078 1110 2145 tabulas
1134 2076 1275 2144 aheneus
1299 2072 1399 2140 fuisse
1421 2071 1550 2140 credere
1573 2092 1642 2138 ma·

105 2249 106 2252 ,
211 2183 318 2270 lueris,
350 2182 502 2250 credibile
524 2187 592 2267 est,
626 2180 828 2250 adeundam
856 2183 985 2252 modum
1014 2183 1209 2269 tripartitum
1238 2180 1337 2252 tuisse
1366 2178 1501 2249 titulum.
1545 2179 1643 2260 Quod

211 2289 240 2356 si
261 2288 500 2375 inscriptionem
521 2292 552 2354 et
574 2286 750 2355 clausulam
772 2289 960 2375 removeris,
990 2289 1088 2358 etiam
1108 2307 1257 2356 versuum
1278 2305 1426 2354 numerus
1449 2285 1483 2354 iu
1504 2291 1642 2373 utraque

211 2401 303 2484 parte
324 2394 409 2462 tituli
429 2391 658 2480 propemodum
679 2393 929 2481 exaequatur¹):
952 2415 1029 2462 nam
1051 2399 1162 2464 extant
1183 2393 1217 2460 in

483 2498 599 2586 prioris
618 2499 720 2584 partis
1038 2501 1042 2512 '
1072 2501 1204 2568 alterius
1225 2499 1328 2585 partis

372 2631 375 2638 ¹
428 2606 544 2691 pag.I
604 2623 716 2672 rerem
738 2606 781 2672 46
970 2608 1085 2693 pag.I
1150 2606 1223 2693 (IV)
1245 2623 1357 2672 versus
1380 2601 1423 2670 54

224 2771 228 2778 .
428 2731 504 2796 pag.
524 2711 558 2776 Π
601 2729 713 2776 versus
735 2710 779 2776 46
843 2719 845 2722 ’
971 2732 1047 2799 pag.
1069 2712 1102 2777 II
1148 2711 1204 2799 (V)
1246 2729 1357 2777 versus
1379 2707 1423 2774 54

431 2835 507 2900 pag.
528 2815 579 2880 III
606 2835 717 2885 versus
740 2815 783 2882 42
903 2859 904 2862 =
974 2837 1050 2902 pag.
1072 2816 1123 2882 ΙΙΙ
1150 2815 1222 2904 (VI)
1246 2833 1357 2882 versus
1378 2813 1421 2880 28

319 2909 322 2913 ’
497 2947 500 2953 ·
535 2973 537 2980 .
588 2907 803 2991 versuum—4,
1224 2941 1336 2990 versus
1360 2921 1432 2986 136.

301 3026 363 3108 Qut
384 3027 521 3112 Augusti
542 3027 681 3096 indicem
702 3027 736 3095 iu
759 3026 918 3094 Graecum
941 3047 1119 3096 sermonem
1141 3029 1245 3115 vertit,
1274 3027 1335 3094 fuit
1356 3022 1561 3092 hauddubie
1586 3022 1645 3092 im·
1670 3043 1671 3094 t

213 3133 354 3221 peratori
376 3134 418 3200 ab
441 3133 584 3219 epistolis
607 3131 781 3220 praecisi),
817 3122 910 3200 homo
934 3133 1095 3220 Graecus3
1128 3156 1204 3202 uam
1226 3133 1371 3202 Graecae
1401 3131 1532 3218 liuguae
1559 3133 1644 3201 satis
1670 3207 1671 3212 ἵ

212 3245 262 3306 est
284 3259 412 3326 gnarus
434 3240 585 3306 Latinam
608 3239 784 3308 orationem
814 3239 936 3325 passim
964 3261 1132 3328 perperam
1160 3241 1386 3326 interpretatus
1409 3243 1465 3304 est.
1507 3237 1645 3304 Momm·

212 3363 308 3412 senus
331 3363 409 3410 sane
432 3344 603 3431 existimat,
625 3345 862 3431 metaphrastae
885 3347 1062 3414 orationem
1084 3369 1149 3415 non
1171 3347 1250 3414 satis
1274 3345 1433 3412 Graecam
1454 3363 1533 3412 esse.
1586 3345 1644 3412 Ar-

212 3447 269 3515 tici
290 3449 445 3534 sermonis
467 3450 662 3534 elegantiam
684 3450 746 3518 isto
768 3452 896 3519 saeculo
924 3451 987 3520 nisi
1009 3452 1195 3519 fastidiosus
1217 3473 1280 3519 non
1303 3448 1549 3537 desideraverit,
1585 3449 1644 3520 sed

211 3554 440 3641 proprietatem
461 3555 605 3622 Graecae
626 3555 758 3640 linguae
781 3555 909 3623 omnino
931 3556 1215 3645 deprehendimus:
1237 3556 1320 3624 siin
1343 3557 1442 3624 alieni
1464 3556 1571 3643 operis
1596 3557 1643 3623 in-

215 3661 442 3746 terpretatione
470 3661 624 3729 nonnulla
654 3683 675 3728 a
704 3663 830 3730 Graeca
860 3664 1087 3731 consuetudine
1116 3663 1266 3732 recedere
1295 3662 1443 3728 videntur
1455 3712 1463 3748 ,
1496 3682 1561 3729 uon
1596 3667 1645 3729 est

213 3765 343 3832 mirum:
375 3766 409 3831 in
438 3767 667 3852 supplementis
697 3775 805 3834 autem
834 3770 1022 3837 Mommseni
1051 3771 1104 3837 vel
1125 3767 1319 3836 Kirohhoitii
1347 3767 1376 3836 si
1404 3768 1527 3856 passim
1553 3770 1644 3837 male

213 3871 339 3942 Graeca
360 3873 568 3959 reperiuntur,
590 3874 809 3960 metaphrasta
831 3897 896 3943 non
919 3881 967 3944 est
989 3875 1176 3962 culpandus.

299 3977 381 4044 'lam
401 3977 552 4046 Latinum
574 3980 754 4066 exemplum
777 4001 872 4066 quam
895 3981 1053 4048 Graecam
1074 3979 1369 4067 interpretationem
1390 3999 1455 4046 non
1476 3979 1510 4044 in
1532 3979 1644 4067 Aney-

213 4074 363 4148 ranorum
391 4103 484 4150 usum
512 4084 669 4152 adornata
697 4106 767 4153 esse
797 4093 985 4171 argumento
1023 4092 1071 4153 est
1100 4087 1186 4172 ipsa·
1200 4085 1380 4172 inscriptio:
1425 4107 1500 4151 nam
1534 4107 1644 4172 neque

210 4185 314 4254 latina
334 4188 434 4256 verba
457 4191 623 4272 exemplar
644 4191 839 4272 subjectum,
873 4212 977 4276 neque
1000 4193 1212 4278 metaphrasis
1233 4192 1332 4258 multo
1365 4190 1493 4278 planior
1514 4194 1644 4278 μεθηρ-
1670 4251 1671 4256 ,

213 4293 407 4377 μηνευμέναι
429 4289 738 4380 introspecta
761 4298 893 4381 πράξεις
915 4298 979 4364 ullo
1007 4303 1101 4384 paeto
1137 4299 1330 4366 conveniunt
1358 4296 1399 4364 iis
1428 4295 1528 4380 locis,
1562 4317 1643 4381 quos

211 4404 346 4482 uterque
371 4399 482 4466 titulus
504 4401 539 4465 in
560 4401 642 4468 aede
663 4402 837 4488 Aneyrana
868 4403 999 4471 obtinet.
1043 4402 1211 4484 Quadrant
1239 4405 1319 4471 haec
1347 4402 1448 4470 verba
1470 4401 1587 4488 opinor
1611 4403 1643 4469 in

211 4502 325 4590 basim,
346 4503 381 4569 in
403 4525 466 4589 qua
488 4505 610 4572 Romae
632 4511 664 4571 et
685 4506 823 4591 Augusti
845 4506 1016 4574 simulacra
1038 4509 1193 4576 collocata
1217 4509 1352 4575 luerunt.
1396 4509 1562 4594 Ancyrani
1586 4530 1642 4577 au·

210 4613 275 4676 tem
307 4614 421 4696 postea
449 4610 631 4695 petiverunt
658 4612 847 4700 apographa
873 4613 1037 4697 utriusque
1066 4615 1151 4682 tituli
1179 4615 1232 4682 vel
1253 4634 1274 4680 a
1295 4614 1425 4682 Tiberio
1447 4615 1642 4702 imperatore

285 4798 311 4870 1)
330 4800 504 4856 Litterarum
521 4817 653 4858 numerus
669 4801 699 4857 in
720 4802 839 4874 singulis
853 4804 981 4861 versibus
1000 4803 1085 4862 latini
1103 4804 1226 4878 exempli
1239 4803 1341 4873 uariat,
1359 4805 1408 4863 sed
1427 4803 1541 4862 circiter
1561 4824 1641 4864 sexa·
1670 4819 1671 4874 j

209 4907 284 4963 gena
302 4889 443 4947 elementa
461 4889 590 4962 plerique
613 4911 710 4950 versus
732 4893 877 4951 exhibent.
914 4895 1015 4952 Graeci
1038 4896 1162 4968 exempli
1181 4895 1325 4968 Anamari
1348 4895 1436 4955 etiam
1454 4895 1544 4968 major
1563 4895 1640 4954 inae·

210 4980 344 5052 qualitas,
362 4980 421 5037 vid.
439 4980 514 5038 infra
531 5001 559 5054 p.
580 4979 613 5040 15
632 4983 727 5042 adnot.

281 5070 310 5144 2)
334 5071 375 5128 De
397 5070 442 5132 bic
463 5073 562 5134 scribis
586 5074 719 5149 exposuit
736 5075 970 5136 Friedlaenderus
986 5076 1173 5151 Sittengesoh.
1204 5077 1292 5137 Rome
1311 5076 1334 5149 Ι,
1352 5093 1380 5150 p.
1402 5076 1452 5156 145
1472 5091 1531 5153 seq,
1549 5078 1597 5138 ed.
1616 5080 1638 5137 1.
