3384 5510
190 413 226 486 eo
247 400 397 491 morbae,
431 401 487 490 poi
509 401 546 471 a
561 415 624 488 per
646 399 754 471 eioites
776 399 1031 491 disrens1io[oes]
1054 377 1286 482 oeopbooar,
1323 375 1485 480 equidem¹
1509 388 1622 458 satius

191 508 269 581 duxi
277 533 292 580 ε·
309 505 406 601 [Hor]
428 504 642 578 sacerdotium
665 557 720 576 ...
744 529 778 576 eo
800 505 939 595 mor[too
961 507 1040 589 cepi,
1064 505 1119 590 poi
1139 503 1175 570 iol
1196 504 1231 569 io
1252 518 1359 568 reram
1382 495 1625 582 eoafas]io[oe]

190 609 403 701 toeopuoerot
416 615 441 703 ¹)
463 611 620 701 seribere,
650 615 735 701 quod
758 616 1012 703 supplementum
1040 632 1106 680 uon
1128 610 1230 678 solnm
1252 627 1370 694 graeca
1391 599 1627 690 interpretatio

188 723 225 788 ἓν
246 721 438 800 mitteretis
459 729 623 806 ταραχαῖς,
645 719 703 790 sed
718 722 815 790 etiam
829 721 968 789 Liviana
984 720 1121 809 epitome
1139 717 1218 782 117:
1240 717 1276 781 ia
1299 713 1485 796 confusione
1506 726 1628 775 rerum

189 849 227 896 oo
250 829 388 896 tametio
409 829 460 896 M.
482 828 627 911 Depiotos
647 831 865 915 pootiriootum
893 829 1069 898 maximam
1098 826 1267 912 intercepit
1288 822 1470 907 confirmat,
1510 837 1629 903 neque

139 972 142 978 -
188 939 297 1000 tamen
317 933 393 1000 inde
416 933 582 1001 eonfioiam
602 936 730 1002 Livium
749 935 830 1005 haee
851 943 924 1024 post
945 935 1083 1021 Augusti
1103 938 1237 1000 mortem
1259 929 1424 1016 seripsisse
1446 927 1549 1011 eique
1572 925 1627 990 in-

189 1037 270 1105 dicis
292 1038 391 1106 verba
414 1039 583 1108 obversata
605 1061 684 1108 esse.
727 1043 873 1129 Denique
895 1066 925 1112 v.
948 1043 990 1110 28
1013 1040 1214 1109 ooaoeoiente
1237 1035 1368 1126 scripsi,
1399 1033 1533 1102 61016.
1560 1051 1626 1123 pro

189 1144 293 1215 Sestio
316 1147 367 1240 62,
389 1145 452 1216 nisi
473 1145 554 1216 forte
576 1148 646 1236 quis
669 1151 842 1234 restituente
863 1150 963 1216 malit.

275 1253 455 1343 Augustus,
483 1273 554 1324 oum
576 1260 699 1323 mortuo
721 1255 843 1343 Lepido
865 1257 899 1324 iu
922 1256 992 1343 eJus
1012 1256 1119 1324 loeum
1140 1276 1160 1321 a
1183 1251 1315 1338 eollegis
1345 1251 1498 1318 suffectus
1522 1251 1630 1334 esset,

190 1367 224 1430 61
243 1369 373 1430 senatus
394 1363 426 1428 ei
447 1375 602 1428 sumnum
623 1359 837 1428 saeerdotium
865 1362 1019 1432 mandare
1041 1359 1155 1447 vellet,
1187 1358 1393 1448 pertinaeiter
1422 1356 1626 1442 deprecatus

190 1474 239 1534 611
266 1467 343 1554 (Dio
373 1466 408 1555 O.¹
430 1466 496 1552 LV,
518 1466 585 1553 27),
621 1466 723 1533 uoluit
753 1468 838 1534 euim
868 1469 979 1556 populi
1011 1468 1193 1536 libertatem
1224 1465 1420 1534 imminuere.
1479 1463 1628 1528 temere

189 1592 318 1658 prorsus
347 1571 532 1639 Hueokhius
559 1572 641 1638 Hist.
661 1573 741 1660 Imp.
768 1574 794 1640 Ι.
824 1575 888 1641 395
921 1573 1058 1641 eomitiis
1091 1571 1276 1640 centuriatis
1298 1571 1480 1655 Augustum
1509 1567 1627 1659 peuti-

189 1677 283 1750 litem
303 1679 479 1748 maximum
508 1683 648 1744 oreaturn
669 1698 740 1746 esse
768 1685 892 1766 eenset3
924 1679 1004 1747 illud
1026 1699 1102 1748 vero
1125 1679 1247 1762 ambigi
1268 1681 1391 1763 potest,
1425 1681 1535 1746 utrum
1563 1694 1628 1762 per

188 1785 291 1853 tribus
311 1785 437 1852 XXXV
459 1803 502 1850 an
524 1803 545 1849 a
566 1785 689 1851 minere
717 1787 828 1872 populi
848 1791 940 1872 parte
962 1792 1088 1854 oreatus
1107 1786 1157 1852 sit.
1200 1785 1291 1865 Quae
1313 1783 1365 1850 hio
1386 1779 1627 1868 Augustusne

189 1889 407 1958 universorum
429 1888 547 1956 sirium
566 1888 679 1958 studiis
701 1897 819 1979 narrat,
849 1892 978 1958 minime
1000 1897 1140 1976 arguunt
1161 1896 1236 1958 tune
1257 1910 1323 1956 non
1344 1887 1503 1956 tralaticio
1528 1907 1628 1960 moro

190 1994 345 2063 minorem
365 1994 476 2080 populi
495 2000 628 2082 partem,
659 1995 717 2062 sed
745 1997 886 2064 omnium
916 1997 1056 2064 tribuum
1085 1997 1172 2063 eires
1198 1994 1355 2079 suffragia
1375 1992 1505 2060 tulisse:
1543 2014 1629 2064 uam

191 2101 362 2184 pervenire
381 2101 549 2186 oportebat
582 2120 691 2170 omnes
722 2102 844 2188 tribus,
879 2108 914 2168 ut
934 2123 976 2170 ex
997 2103 1038 2170 iis
1060 2103 1218 2187 suffragia
1237 2101 1362 2169 laturae
1383 2100 1495 2168 sortito
1517 2100 1629 2184 elige·

189 2214 308 2278 rentur.
351 2207 523 2276 Caesarem
544 2226 623 2274 sane
644 2229 702 2295 per
723 2210 849 2276 XXXV
863 2209 965 2276 tribus
987 2210 1170 2296 pontificem
1191 2207 1366 2277 maximum
1388 2211 1533 2276 ereetum
1549 2226 1627 2274 esse

190 2315 256 2380 non
277 2315 346 2381 sine
367 2313 511 2380 veritatis
532 2314 638 2400 speeie
661 2313 795 2400 colligas
817 2337 857 2382 ex
879 2314 965 2384 Suet.
981 2315 1073 2383 ans.
1092 2316 1142 2401 13,
1166 2315 1219 2399 qui
1241 2312 1320 2380 dieii
1342 2312 1515 2380 Gaesarem
1538 2311 1626 2380 duos

190 2407 426 2507 potentissimos
449 2417 669 2504 competitores
692 2438 870 2507 superasse,
892 2426 927 2486 ut
941 2420 1034 2506 plura
1056 2417 1182 2505 ipsein
1204 2439 1313 2486 eorum
1333 2417 1480 2485 tribubus
1502 2419 1626 2484 suffra-

190 2526 256 2612 gia,
277 2544 372 2609 quarn
394 2528 525 2608 uterque
546 2523 581 2589 in
603 2525 749 2593 omnibus
770 2527 893 2615 tulerit3
917 2547 1023 2592 omues
1045 2524 1173 2610 quidem
1194 2525 1297 2592 tribus
1318 2525 1416 2591 etiam
1433 2521 1530 2591 XVII
1556 2522 1626 2590 diei

189 2634 346 2716 poterant,
369 2647 451 2714 quae
472 2629 576 2716 priseo
599 2650 685 2697 more
706 2631 866 2716 pontificis
889 2631 1026 2698 eomitiis
1047 2630 1204 2715 suffragia
1226 2629 1382 2715 serebant,
1410 2649 1523 2696 rerum
1547 2649 1626 2715 per·

190 2733 305 2804 initum
335 2735 411 2801 tune
438 2737 471 2802 61
493 2735 530 2813 Q.
552 2735 660 2802 Catuli
682 2741 714 2802 61
734 2735 864 2803 Servilii
890 2736 1026 2804 Isauriei
1042 2736 1155 2803 tribus
1183 2735 1311 2803 fortuito
1342 2733 1436 2802 sortis
1457 2735 1626 2802 beneficio

192 2837 237 2935 td
258 2836 414 2923 suffragia
435 2841 569 2907 voratas
590 2860 661 2908 esse
674 2839 720 2928 ¹²);
753 2842 816 2909 nisi
838 2843 920 2909 forte
940 2842 1014 2928 lege
1036 2847 1182 2909 sanetum
1204 2847 1291 2926 erat,
1318 2843 1354 2906 ut
1374 2844 1439 2906 tres
1462 2839 1628 2905 eandida-

191 2953 295 3040 torum
322 2943 423 3012 tribus
453 2943 531 3032 (tres
558 2945 643 3032 enirn
672 2943 739 3014 fere
772 2947 994 3034 pontificatum
1022 2945 1197 3016 maximum
1224 2951 1334 3032 petere
1362 2943 1525 3032 solebant)
1547 2945 1627 3032 jure

190 3050 417 3146 suffragiorum
435 3049 615 3119 libertatern
636 3058 835 3142 usurparent,
856 3054 999 3140 reliquae
1021 3054 1131 3120 sortito
1154 3057 1360 3120 rotarentur:
1381 3069 1485 3133 neque
1508 3054 1627 3117 tamen

190 3159 265 3251 buia
286 3153 461 3244 suspitioni
481 3155 700 3242 patrocinatur
710 3156 832 3246 (116616,
855 3158 910 3244 qui
932 3158 973 3225 (16
994 3157 1068 3244 lege
1090 3179 1159 3242 agr.
1180 3153 1224 3242 II,
1246 3157 1265 3221 7
1290 3153 1368 3222 dieit
1383 3153 1513 3223 Rullum
1537 3151 1625 3242 legis

191 3261 341 3354 agrariae
369 3253 532 3329 auctorem
559 3261 671 3329 eodem
701 3263 795 3331 modo
818 3269 853 3330 nt
874 3265 1011 3331 eumitiis
1039 3261 1199 3350 pontificis
1218 3257 1351 3329 maximi
1372 3263 1625 3347 paueas'tm'bus

192 3363 507 3460 (1611116111
536 3369 623 3432 eerta
650 3365 832 3435 uenditione
850 3367 949 3455 juris,
981 3365 1039 3435 sed
1066 3367 1161 3435 sortis
1188 3363 1344 3443 beneficio
1367 3369 1399 3432 et
1420 3357 1555 3434 fortuito
1582 3367 1625 3437 ad

193 3471 390 3564 decemviros
412 3469 568 3538 creandos
589 3493 713 3542 vocare.
764 3471 857 3553 Quod
879 3473 907 3540 si
930 3471 1051 3542 Caesar
1073 3495 1102 3540 a.
1118 3473 1179 3542 691
1204 3494 1262 3559 per
1283 3491 1393 3540 omnes
1415 3469 1519 3539 tribus
1541 3493 1624 3559 pou·

190 3579 272 3648 tiiex
293 3574 452 3644 maximus
475 3581 600 3644 oreatus
623 3583 680 3664 est,
702 3576 865 3646 Labienus
887 3581 925 3646 tr.
944 3581 1001 3666 pl.‚'
1018 3577 1073 3664 qui
1094 3577 1155 3645 hoe
1173 3577 1244 3665 ipso
1267 3597 1353 3644 anuo
1376 3577 1480 3661 legem
1504 3573 1548 3645 (16
1572 3599 1624 3646 sa-

192 3683 341 3754 cerdotiis
365 3687 495 3750 auctore
516 3681 656 3750 Caesare
677 3686 816 3772 pertulit,
846 3685 908 3752 hae
929 3687 1002 3773 ipsa
1023 3686 1096 3770 lege
1116 3684 1177 3752 hoe
1199 3705 1337 3753 novasse
1360 3684 1540 3752 oensendus
1566 3691 1625 3754 est

191 3790 281 3859 More
301 3788 458 3874 maJorum
480 3807 552 3854 oum
572 3790 718 3875 pontifex
740 3791 898 3858 maximus
920 3812 940 3857 a
962 3790 1084 3857 minore
1106 3790 1222 3878 populi.
1238 3795 1330 3876 parte
1352 3793 1522 3874 crearetur,
1549 3789 1625 3876 jam

193 3917 224 3965 a.
247 3897 311 3963 668
333 3894 477 3961 Lieinius
498 3893 634 3963 Crassus
655 3901 693 3962 tr.
714 3897 757 3984 pl.
779 3897 981 3982 rogationem
1010 3896 1050 3964 de
1072 3889 1259 3964 sacerdotiis
1280 3894 1372 3980 tulit,
1403 3900 1438 3960 ut
1468 3894 1626 3982 collegio-

192 4022 263 4072 rum
292 4019 416 4090 quoque
439 4002 600 4087 eooptatio
623 4001 666 4068 ad
687 4003 798 4090 populi
817 4004 986 4070 arbitrium
1008 4002 1252 4085 transferretur3
1288 4018 1371 4086 quae
1398 3999 1524 4083 rogatio
1551 4022 1627 4069 oum

192 4106 237 4176 ad
257 4105 381 4173 irritum
401 4104 534 4172 redacta
556 4115 648 4194 esset,
670 4129 701 4175 a.
716 4109 781 4176 650
797 4109 957 4178 Domitius
976 4115 1013 4174 tr.
1028 4109 1071 4193 pl.
1086 4107 1191 4192 legem
1206 4106 1345 4194 pertulit,
1369 4111 1404 4170 ut
1425 4105 1626 4194 1166116161,

191 4232 272 4299 quos
294 4216 391 4278 antea
414 4210 551 4297 collegia
573 4215 837 4301 subrogaverant,
858 4213 969 4302 populi
991 4213 1095 4279 minor
1115 4227 1191 4299 pars
1214 4216 1345 4278 orearet.
1377 4210 1499 4293 Legem
1509 4209 1626 4279 Domi-

71 4311 72 4314 *
190 4319 270 4389 tiam
291 4322 404 4403 postea
425 4315 516 4384 Sulla
538 4319 717 4406 abrogavit,
739 4339 844 4404 neque
857 4339 933 4387 vero
955 4316 1115 4405 pontificis
1138 4316 1271 4384 maximi
1294 4313 1423 4382 comitia
1444 4315 1576 4423 sustulit
1591 4316 1627 4406 3).

213 4572 217 4579 ,
264 4507 292 4580 1)
310 4505 418 4578 Lepido
442 4504 583 4562 Antonius
610 4503 809 4579 pontificatum
835 4503 991 4562 maximum
1017 4501 1122 4562 detulit
1148 4505 1288 4576 maJorum
1315 4517 1393 4559 more
1419 4501 1565 4574 neglecto,
1594 4509 1627 4563 nt

191 4596 245 4656 Dio
264 4594 294 4654 (1.
312 4591 409 4662 XLIV,
430 4594 464 4652 53
483 4599 611 4658 enarrat:
631 4599 657 4661 ἔς
674 4617 698 4651 rr
715 4597 774 4656 τοὺς
791 4595 878 4666 ispius
896 4590 978 4657 αὖθις
997 4593 1051 4650 ἀπὸ
1070 4591 1116 4649 roi
1133 4591 1218 4666 δῆμου
1236 4590 1281 4660 tir
1299 4591 1403 4663 αἳρεσιν
1414 4588 1460 4644 roi
1473 4591 1626 4665 ἀρχιερέως

191 4687 353 4760 ἐπανήγαγε,
377 4684 429 4739 κάν
444 4683 546 4746 reiron
564 4683 653 4750 αὐτὸν,
678 4681 755 4740 οὐδὲν
773 4680 787 4752 ἢ
808 4685 887 4756 o'ltya
906 4685 957 4739 τῶν
976 4683 1179 4758 νενομισμένων
1197 4681 1304 4754 πράξας
1322 4679 1423 4736 tritior.
1461 4679 1537 4738 Hine
1556 4683 1626 4742 Vel-

190 4773 316 4851 16311111,
337 4771 466 4832 63111116
487 4779 614 4832 ereetum
633 4794 691 4833 esse
710 4771 788 4832 (11611.

262 4863 292 4940 1)
310 4861 525 4924 Animadvertit
539 4863 594 4923 hoe
614 4866 701 4934 etiam
719 4861 844 4922 Meridie
863 4859 960 4935 iloopt.
982 4859 1041 4919 145.

260 4957 291 5030 s)
309 4957 375 5014 Nou
396 4958 585 5034 rectehange
603 4957 701 5030 Antiq.
718 4957 752 5016 R.
770 4957 807 5026 Π,
825 4953 1050 5030 responsuros
1073 4933 1268 5027 panentu
1285 4945 1383 5024 Ooopt.
1405 4945 1467 5026 141)
1503 4955 1625 5016 euntem
1678 5011 1679 5042 ἶ
