3384 5510
887 296 935 372 32

207 471 295 546 Sane
326 471 379 544 bic
410 471 482 562 ipse
515 467 605 539 locus
639 466 851 556 ambiguitate
883 467 1024 556 quedam
1055 467 1204 561 loborat,
1243 492 1319 542 nam
1347 469 1500 545 ridentur
1534 471 1630 547 verba

205 573 390 669 significare
418 579 532 649 eodem
553 597 650 665 anno,
682 595 744 662 quo
765 574 914 644 Tiberius
942 575 1058 642 iterum
1078 577 1190 646 consul
1211 575 1307 647 frent
1329 579 1433 670 (747),
1462 581 1579 650 datum
1603 584 1630 651 ci
1665 585 1666 670 Ῠ

206 705 277 756 esse
298 687 371 755 trib.
393 691 593 774 potestatem,
614 682 651 752 id
670 681 756 769 quod
776 680 876 750 ceteri
898 701 984 749 omno
1006 686 1081 768 post
1103 680 1196 772 (748)
1218 682 1339 752 factm
1360 705 1432 756 csse
1453 687 1590 756 tradunt
1602 686 1631 775 ¹).
1665 681 1666 690 ’

206 792 272 867 eeu
292 792 363 881 ipse
383 791 555 860 Suetonius
587 788 674 856 infra
697 789 736 855 11
761 808 880 856 annum
901 787 966 854 748
987 787 1189 874 testificatum
1222 797 1333 858 narrat
1361 793 1449 860 enim
1469 793 1633 862 Tiberium

206 898 360 968 damnda
389 896 478 967 dulia
507 895 552 984 (h.
582 913 610 962 e.
632 894 710 963 anni
740 892 1007 980 subposterium
1039 893 1146 981 parte)
1178 893 1398 980 frequentibus
1428 898 1546 966 litteris
1581 920 1633 986 pro

205 1025 306 1074 uxore
327 1002 533 1090 deprecatum
554 1019 645 1088 esse,
678 1003 842 1067 transacto
863 1003 972 1066 autem
992 997 1184 1066 tribuniciae
1211 1003 1380 1088 potestatis
1408 1008 1556 1091 ternpore
1586 1023 1633 1090 pe

204 1109 304 1196 tiisse,
325 1114 361 1175 ut
382 1106 445 1176 sihi
465 1105 700 1195 permitteretur
720 1105 856 1176 Romam
877 1102 999 1170 redire:
1027 1109 1225 1172 mansuetum
1246 1113 1354 1174 autem
1375 1106 1437 1176 hoc
1459 1109 1633 1195 quinquen·
1667 1086 1668 1170 f

205 1215 305 1303 mum,
327 1213 504 1282 sirmeum
526 1213 611 1300 cepa
632 1231 662 1278 a
678 1210 753 1296 748,
776 1207 829 1276 ua
851 1209 894 1275 no
916 1229 957 1275 m
979 1208 1070 1276 rum
1091 1230 1121 1276 a.
1144 1209 1227 1295 7533
1249 1210 1278 1277 er
1299 1211 1425 1280 uenas
1447 1212 1565 1281 fuisset
1586 1213 1633 1279 mc

205 1317 449 1391 bonorhiberio
471 1318 595 1386 consuli
616 1316 651 1382 11
673 1313 777 1404 (747),
795 1313 866 1401 jarn
880 1333 917 1381 eo
933 1319 1085 1402 tempore,
1107 1334 1169 1400 quo
1186 1314 1340 1385 damnata
1361 1322 1411 1385 est
1432 1317 1521 1388 Julia
1546 1316 1636 1406 (anni
1667 1341 1668 1344 ¹

156 1445 159 1452 ’
206 1427 271 1496 752
293 1424 441 1515 aestate),
463 1422 663 1510 deposuisset
684 1421 769 1488 hunc
790 1419 946 1486 honorem
959 1417 995 1508 ²).
1667 1419 1669 1512 t

293 1531 402 1598 Etiam
422 1530 484 1598 hcc
506 1534 603 1616 caput
623 1528 662 1594 Δ.
683 1527 735 1593 W.
755 1525 922 1612 Zumptius
943 1524 979 1591 in
1000 1523 1276 1613 commentatione,
1309 1545 1406 1611 quam
1436 1545 1536 1615 supra
1561 1523 1635 1615 dixi,
1668 1549 1669 1606 l

206 1637 267 1708 suh
288 1655 426 1706 examen
447 1635 585 1721 vocavit,
607 1633 699 1718 isque
721 1636 832 1699 auctor
854 1636 911 1715 est,
933 1634 969 1695 ut
990 1628 1117 1696 Graeca
1137 1629 1185 1698 ita
1206 1632 1430 1702 restituanturr

494 1741 548 1824 τῆς
570 1735 771 1826 [ettheldred
793 1737 849 1800 sal
869 1735 926 1799 τοῦ
948 1731 1051 1819 δήμου
1073 1736 1136 1799 τῶν

447 1840 620 1927 Ῥωμαίων
640 1838 988 1931 c‘[pcrvucpovo]dvruv
1011 1840 1282 1929 [tncvnpduprlc
1379 1874 1382 1898 ι

456 1950 520 2014 τῶν
539 1971 571 2014 rs
592 1949 703 2032 νόμων
723 1951 778 2013 sci
799 1951 862 2012 suiv
882 1948 1027 2036 τρό[πων
1049 1947 1108 2014 σὺν
1127 1948 1165 2040 τῇ
1185 1947 1327 2039 με]γίο“ιῃ

452 2053 597 2141 ἐξουσίᾳ]
619 2054 881 2140 χειροτονηθῂὶς]
906 2050 1008 2140 ἀρχὴν
1029 2050 1125 2117 οὐδε-

455 2161 563 2246 p[tuv]
587 2161 694 2247 rra[gd
717 2159 756 2225 cd
778 2160 933 2248 ποί]τ[ρια
954 2158 1036 2246 tibh
1054 2157 1228 2246 διδομένην
1249 2153 1365 2223 dacoa-

456 2265 569 2352 ξᾶμην.

205 2367 263 2438 ubi
284 2373 371 2438 certe
393 2368 455 2456 ἔθη
477 2369 682 2439 scribendum
703 2374 781 2440 erat.
824 2367 949 2438 Eadem
969 2369 1005 2436 in
1025 2368 1162 2436 latinum
1183 2387 1361 2436 sermonem
1383 2365 1559 2455 tanstulit,
1582 2367 1637 2437 sed

207 2493 248 2544 ea
269 2473 452 2542 adscribere
474 2476 687 2564 supersedeo,
721 2474 979 2562 quandoquidem
1005 2474 1087 2541 haec
1116 2494 1192 2561 pars
1216 2473 1310 2541 latini
1330 2473 1448 2542 indicis
1468 2473 1504 2540 in
1524 2473 1636 2562 lapide

206 2600 335 2672 prorsus
368 2579 552 2650 oblitterata
580 2586 637 2650 est
690 2579 849 2649 Restituto
882 2579 1053 2668 participio
1084 2580 1319 2667 χειροτονηθεὶς
1350 2577 1517 2667 Zumptius
1557 2579 1636 2649 haee

281 2875 308 2948 1)
325 2874 421 2932 litium
438 2872 513 2934 Veli.
529 2873 566 2946 ΙΙ,
589 2873 624 2934 99
642 2873 786 2932 transacto
810 2868 959 2928 consulatu
985 2870 1077 2932 altero
1099 2873 1245 2934 hiberiam
1267 2873 1336 2936 trib.
1358 2873 1532 2947 potestatem
1560 2892 1638 2936 uoce
1672 2889 1673 2940 t

207 2961 282 3040 pisse
300 2967 431 3023 testatur.

278 3055 308 3128 9)
325 3053 518 3113 Memorabilis
536 3052 639 3112 titulus
656 3051 733 3126 apud
751 3051 837 3110 Orell.
854 3050 902 3120 ΙΙΙ,
922 3051 992 3108 5375
1012 3050 1128 3125 Saepini
1146 3056 1283 3126 ropertus,
1310 3052 1390 3127 cujus
1408 3070 1520 3110 murum
1539 3055 1637 3126 portas

206 3144 293 3202 turris
317 3144 447 3202 Tiberius
470 3145 612 3213 restituit,
641 3161 690 3201 suo
708 3142 861 3212 fratrisque
879 3141 963 3198 Drusi
978 3141 1040 3212 jam
1067 3141 1195 3200 defuncti
1221 3142 1349 3200 nomine:
1375 3163 1442 3202 nam
1461 3144 1580 3202 Tiberio
1599 3145 1638 3202 ibi

207 3236 304 3294 uum.
327 3234 473 3292 roumsu.
491 3222 684 3306 Versatur,
702 3232 843 3304 equdem
861 3233 939 3290 reate
953 3232 1142 3290 nommrsnus
1159 3232 1265 3305 apros
1282 3233 1444 3303 mserum,
1462 3235 1493 3291 sn
1511 3253 1572 3305 quo
1590 3255 1638 3292 nu·

208 3343 302 3384 merus
317 3312 348 3382 V
363 3325 486 3396 legitur,
514 3325 654 3395 adjunxit,
680 3323 700 3379 i.
718 3341 743 3380 e.
760 3341 787 3380 a.
805 3323 888 3392 752]ss
916 3321 994 3392 (nam
1017 3323 1206 3379 Mommsenus
1232 3325 1264 3379 et
1286 3323 1434 3380 Hennenus
1457 3324 1555 3382 neseio
1584 3342 1639 3396 quo

206 3421 291 3492 paeto
305 3435 324 3474 u
343 3435 410 3474 vero
428 3417 582 3488 aberrant),
596 3414 688 3486 igitur
705 3413 799 3470 Rhodi
818 3413 884 3469 exul
897 3412 1028 3470 Tiberius
1046 3414 1099 3470 hoc
1118 3431 1188 3486 opus
1205 3412 1366 3471 faciendum
1385 3416 1505 3473 curadt
1538 3418 1638 3488 Neque

207 3509 284 3567 enim
306 3506 485 3564 admittenda
507 3506 551 3562 est
581 3505 743 3575 conjectura
772 3503 880 3574 postV
907 3520 990 3559 versu
1017 3505 1144 3561 extremo
1171 3523 1258 3560 unum
1282 3505 1441 3563 alterumve
1464 3506 1638 3564 elementum

207 3598 405 3656 oblitteratum
430 3612 507 3662 esse,
535 3595 569 3649 ut
586 3592 717 3650 Tiberius
740 3592 807 3648 trib.
831 3593 889 3663 pot
907 3592 948 3648 VI
966 3593 1014 3650 vel
1031 3593 1084 3655 VII
1107 3594 1136 3650 h.
1155 3612 1179 3650 e.
1202 3597 1268 3665 post
1286 3611 1425 3652 secessum
1447 3596 1638 3653 Rhodiensem

206 3705 276 3760 opus
303 3684 492 3752 dedicaverit;
521 3701 587 3740 nam
617 3683 719 3739 titulus
746 3681 851 3738 incisus
880 3684 923 3738 est
951 3685 1106 3754 numquam
1129 3684 1276 3740 Tiberium
1303 3685 1453 3759 adrogauit
1479 3686 1639 3758 Augustus:

206 3777 305 3835 eodem
330 3777 426 3833 autem
451 3774 586 3846 temporis
611 3775 717 3846 puncto
736 3774 765 3830 et
784 3771 935 3842 adoptarit
953 3775 982 3829 et
1000 3774 1139 3847 collegam
1162 3773 1333 3830 tribuniciae
1359 3774 1511 3845 potestatis
1533 3793 1640 3831 assum·

206 3868 273 3941 psit.
305 3868 436 3936 Namque
448 3865 479 3922 in
492 3867 585 3924 Fastis
598 3867 687 3923 Amic.
705 3865 765 3922 dies
785 3865 826 3923 VI
845 3866 908 3922 Kal.
927 3867 944 3922 J
946 3866 985 3922 ul.
1003 3869 1046 3924 est
1064 3867 1114 3922 NP
1132 3867 1249 3937 propter
1265 3865 1359 3932 ferias,
1379 3865 1452 3938 quod
1469 3885 1499 3921 eo
1518 3867 1564 3921 dic
1576 3870 1639 3922 Aa·

204 3965 297 4032 gustus
314 3957 452 4028 adoptavit
459 3959 555 4029 filiam
578 3957 714 4014 rectum
737 3957 880 4011 Cursarem
898 3973 925 4012 a.
945 3958 1006 4024 757,
1025 3956 1153 4029 proximo
1172 3958 1268 4013 autem
1287 3955 1333 4012 die
1353 3955 1392 4026 (h.
1411 3956 1474 4014 aV
1491 3957 1558 4013 Kal.
1570 3957 1639 4029 sul.)

205 4047 391 4104 tribuniciam
415 4048 586 4118 potestatem
603 4046 645 4105 VI
667 4045 830 4116 auspicatus
853 4047 912 4111 cst,
941 4063 1013 4115 quae
1041 4045 1166 4117 potestas
1191 4047 1259 4100 tunc
1287 4043 1391 4100 iterum
1415 4045 1446 4100 in
1468 4044 1638 4102 decennium

208 4137 272 4193 erat
294 4135 399 4192 delata
435 4134 649 4207 df.Va11ej.11,
670 4135 735 4190 103:
764 4141 795 4190 ut
815 4135 1016 4190 attribuamus
1032 4136 1172 4206 potestatis
1195 4134 1386 4189 consortionem
1410 4132 1519 4190 Neroni
1534 4136 1637 4192 correti-

208 4231 320 4284 tucret.
344 4266 350 4280 .
372 4230 424 4282 .et
441 4242 501 4280 eum
519 4225 597 4278 Aelio
622 4223 707 4289 Octo,
738 4223 771 4279 0.
792 4223 887 4279 Sentio
911 4224 1064 4280 cor-salsbur
1090 4225 1118 4282 V
1131 4224 1275 4280 Kalendae
1291 4224 1382 4280 Jult'as
1399 4261 1407 4280 .
1427 4262 1436 4279 .
1456 4263 1465 4278 .
1485 4223 1636 4298 adoptaret.

204 4317 256 4374 ubi
279 4317 468 4374 Mommsenus
493 4313 540 4371 VI
552 4313 696 4370 Kalendae
713 4313 804 4368 Julius
828 4313 1022 4386 corrigendem
1049 4317 1162 4382 censet,
1189 4313 1339 4370 librarium
1363 4313 1522 4386 peccavisse
1540 4316 1636 4383 ratus,

206 4407 256 4464 sed
273 4406 370 4478 pqtuit
385 4405 446 4478 ipse
463 4405 585 4478 scriptor
601 4403 700 4459 multis
719 4404 801 4460 annis
820 4405 884 4475 post
902 4404 1049 4462 immemor
1067 4405 1174 4462 ordinis
1192 4406 1441 4477 rerumgestarum
1452 4404 1636 4477 adoptionem

205 4495 359 4576 transferre
377 4495 409 4551 in
426 4495 502 4551 diem
520 4493 743 4560 nobilissimum,
768 4511 786 4550 a
803 4511 860 4563 quo
877 4493 1034 4552 tribunicia
1051 4497 1179 4568 potestus
1194 4495 1324 4552 inchoari
1341 4495 1460 4552 solebat.
1496 4495 1553 4553 Sed
1570 4511 1636 4552 cen·

205 4586 280 4643 sulto
297 4569 367 4643 trine
385 4585 558 4652 institutum,
585 4588 619 4642 ut
636 4583 815 4658 arrogatione
838 4585 952 4642 demum
976 4587 1031 4644 rite
1056 4589 1174 4660 peracta
1192 4585 1323 4643 hiberius
1340 4602 1452 4643 consum
1469 4586 1551 4642 ficret
1567 4585 1635 4641 trib

204 4675 372 4748 potestatis3
397 4693 491 4745 neque
515 4694 581 4734 vero
604 4677 726 4746 utraque
749 4675 903 4732 solennitas
928 4676 1027 4734 eodem
1051 4678 1097 4734 die
1122 4677 1266 4735 commode
1284 4675 1384 4749 peragi
1400 4675 1524 4747 poteret.
1558 4674 1634 4731 Illud

205 4765 281 4823 cudo
298 4765 461 4822 Henaenum
483 4765 530 4822 hic
555 4782 669 4836 queque
692 4767 726 4822 ut
743 4765 814 4822 alias
832 4783 889 4822 non
908 4765 977 4822 satis
993 4784 1058 4823 curn
1076 4784 1144 4824 eura
1162 4765 1330 4824 Mommseni
1348 4766 1510 4838 exemplum
1527 4764 1633 4837 repeti·

204 4856 278 4915 risse
297 4855 331 4927 (L
348 4855 386 4912 N.
403 4855 496 4927 4922),
512 4872 578 4911 nam
596 4856 662 4928 pest
685 4871 835 4912 numerum
852 4854 879 4912 V
897 4855 933 4912 de
951 4873 1002 4913 suo
1019 4856 1132 4914 addidit
1148 4857 1224 4913 IMP.
1241 4856 1357 4928 praeter
1373 4854 1580 4924 necessitatem,
1604 4854 1633 4910 et

205 4944 334 5017 neglexit
352 4946 418 5016 post
433 4943 567 5002 ursule
586 4945 744 5016 complures
761 4943 875 5002 littores
893 4944 1027 5014 detritas,
1055 4963 1125 5016 quas
1142 4946 1345 5015 Mommsenus,
1362 4961 1428 5004 enm
1445 4944 1477 5005 in
1495 4943 1568 5006 sliu·
1585 4959 1633 5003 ex·

205 5034 294 5107 empli
310 5033 432 5094 frustulo
450 5035 561 5096 vauls
579 5036 604 5094 D
621 5036 744 5109 legetur,
761 5037 840 5096 recte
857 5034 974 5096 videtur
990 5036 1148 5098 restituisse
1165 5036 1212 5110 [D.
1230 5035 1271 5110 8.]
1290 5035 1321 5096 F.
1340 5035 1372 5096 d.
