3384 5510
317 457 388 527 Hoc
409 457 680 542 Pergamenorum
717 459 750 524 et
770 454 1064 526 Nicomediensium
1100 455 1246 546 exemplo
1276 477 1347 526 cum
1377 454 1522 525 adulatio

230 569 398 654 magisque
421 567 591 652 glisceret,
625 564 771 630 certatim
793 584 860 631 non
881 565 984 633 solum
1004 587 1064 653 per
1084 567 1283 654 provincias,
1317 565 1375 633 sed
1404 565 1503 632 ctiam
1531 565 1571 630 in
1592 587 1639 651 rp

230 674 327 742 Italia
342 673 367 760 ¹)
391 691 465 738 aras
488 670 541 737 vel
562 669 683 755 templa
704 669 851 754 Augusto
874 676 906 737 et
928 673 1050 740 Romae
1080 679 1365 757 consecraverunt,
1397 673 1496 739 venia
1525 671 1599 738 fani
1626 700 1646 731 ;.,

231 779 337 847 stendi
360 779 401 844 ab
424 779 615 863 imperatore
636 776 808 861 impetrata
822 775 867 863 2);
901 797 1093 862 quamquam
1123 779 1296 844 nonnullae
1326 777 1473 844 civitates
1495 778 1641 864 promis·

231 909 297 953 non
326 888 498 968 steterunt,
532 882 620 949 velut
648 881 797 948 'liberius
827 883 996 967 Cyzicenis
1023 884 1204 951 libertatem
1241 884 1382 970 ademit,
1417 883 1502 968 quod
1524 885 1639 969 Augu

230 993 384 1078 templum
405 990 590 1056 inchoatum
613 987 849 1073 dereliquerunt
864 987 900 1076 ³).
944 989 1079 1058 Videtur
1110 998 1216 1057 autern
1236 991 1385 1077 princeps
1412 990 1494 1055 haec
1517 1009 1579 1056 suo
1603 1011 1653 1055 οι,

230 1099 278 1165 tui
308 1096 469 1163 destinata
492 1093 624 1160 delubra
646 1094 699 1161 vel
720 1093 791 1180 ipse
812 1094 865 1160 vel
887 1114 946 1180 per
967 1097 1150 1181 pontificem
1173 1095 1384 1179 dedicavisse,
1408 1101 1492 1162 certe
1515 1095 1628 1162 Tiberi

230 1205 315 1271 hunc
336 1222 457 1270 morem
478 1199 628 1284 religiose
650 1200 836 1266 observavit
846 1200 884 1287 ι).
926 1201 1008 1267 Item
1029 1202 1186 1289 plurimae
1208 1202 1355 1269 civitates
1370 1200 1463 1268 ludos
1485 1203 1648 1287 quinquen

231 1310 323 1378 uales
345 1308 379 1373 in
403 1305 543 1390 Augusti
564 1304 716 1371 honorem
738 1303 945 1371 instituerunt
957 1303 993 1392 ⁵).

317 1414 463 1497 Augusto
497 1409 566 1477 vita
589 1408 738 1477 defuncto
768 1410 866 1476 etiam
887 1411 922 1476 in
943 1413 1016 1497 ipsa
1038 1413 1117 1478 urbe
1147 1412 1229 1480 haec
1258 1413 1402 1480 adulatio
1431 1433 1496 1479 non
1525 1415 1653 1500 ampli

232 1519 387 1587 coercita:
409 1538 485 1584 nam
508 1515 660 1600 quamdiu
681 1515 763 1583 vixit
785 1515 933 1603 princeps
954 1517 1208 1602 pertinacissime
1230 1518 1315 1584 hunc
1336 1519 1488 1586 honorem
1512 1520 1651 1607 depreca

230 1632 282 1693 tus
312 1629 381 1692 erat
395 1621 430 1716 ὅ).
491 1621 539 1690 Αο
571 1627 701 1691 senatus
732 1620 860 1709 quidem
894 1624 1057 1690 Romanus
1087 1623 1197 1716 templi
1226 1624 1378 1692 honorem
1408 1624 1575 1712 decrevit,
1613 1630 1660 1694 οη

231 1876 308 1947 quod
325 1873 463 1931 invidiose
490 1869 566 1927 dixit
588 1869 679 1927 Tacit.
705 1869 778 1926 Anu.
797 1871 820 1939 Ι,
839 1874 881 1940 59,
912 1891 996 1944 quem
1018 1874 1112 1932 locum
1129 1873 1257 1931 homines
1275 1873 1353 1932 docti
1371 1875 1476 1932 frustm
1494 1875 1662 1947 conjecturis

229 1966 423 2024 tentaverunt.
1131 1982 1135 1989 ·

304 2058 332 2129 1)
350 2058 383 2112 In
401 2054 488 2111 Italia
509 2051 662 2124 praecipue
687 2051 814 2110 coloniae
839 2054 885 2111 vel
909 2056 1062 2113 aCaesare
1087 2056 1133 2113 vel
1158 2057 1195 2112 ab
1214 2057 1342 2128 Augusto
1366 2058 1504 2116 deductae
1529 2059 1665 2118 videntur

231 2147 390 2221 principem
406 2146 461 2202 hoc
478 2146 586 2200 honore
605 2142 764 2208 erravisse,
791 2144 871 2201 velut
890 2146 966 2216 apud
986 2147 1126 2202 Fanenses
1143 2147 1175 2202 in
1190 2147 1308 2202 Umbria
1328 2147 1451 2220 Augusti
1469 2149 1572 2206 aedem
1595 2169 1665 2208 com·

231 2239 371 2294 memorat
381 2236 493 2292 Vitrur.
511 2234 545 2300 V,
567 2233 590 2298 l,
610 2235 636 2298 7,
656 2250 742 2301 quam
761 2234 858 2290 aedem
878 2237 945 2291 ante
965 2235 1099 2294 Octaviae
1119 2237 1239 2292 mortem
1258 2235 1296 2305 (a.
1316 2237 1381 2307 743)
1400 2237 1506 2294 factam
1525 2258 1589 2298 esse
1602 2259 1665 2298 con·

231 2329 397 2384 sentaneum
421 2327 479 2391 est;
507 2323 577 2378 item
596 2321 668 2376 Pisis
687 2321 743 2377 tuit
766 2323 958 2394 Augusteum,
986 2324 1061 2393 quod
1091 2323 1171 2378 tituli
1195 2341 1220 2378 a.
1241 2325 1293 2378 755
1314 2326 1344 2379 et
1363 2327 1414 2381 757
1440 2326 1541 2395 (Orelli
1559 2329 1584 2393 I,
1604 2331 1666 2400 624)

230 2416 429 2483 testificantur,
448 2414 498 2470 ubi
516 2412 604 2469 etiam
622 2412 723 2467 flamen
742 2411 908 2483 Augustalis
926 2414 1105 2469 memoratur.
1141 2412 1219 2468 Adde
1238 2412 1293 2470 huc
1311 2413 1430 2470 titulum
1447 2414 1667 2474 Praenestinum

231 2505 331 2576 (Orelli
350 2498 479 2576 essolet
497 2501 683 2572 Pompejanos
701 2498 868 2570 (Mommsen
886 2501 908 2556 Ι.
928 2502 962 2558 Il.
981 2502 1070 2572 Neap.
1090 2501 1159 2558 2231
1179 2503 1264 2573 seq.)·
1331 2520 1335 2528 ·

302 2597 332 2667 2)
351 2595 441 2653 Tacit.
460 2594 533 2650 Arm.
551 2593 601 2648 IV.
620 2593 664 2648 37.

305 2688 333 2759 3)
353 2687 406 2744 Dio
426 2686 456 2742 (l.
475 2685 562 2742 LVII.
581 2684 631 2739 24:
653 2679 692 2736 tn
709 2679 756 2735 nat
773 2680 807 2734 sd.
819 2681 918 2754 ἡρῷον,
938 2678 953 2736 d
972 2682 1007 2754 τῷ
1025 2681 1172 2756 Av’yov'orqr
1190 2683 1279 2738 ποιεῖν
1295 2677 1416 2750 ἤρξαντο,
1440 2682 1490 2738 οὐκ
1508 2687 1667 2748 lissitanae.

230 2779 304 2836 adde
323 2777 389 2832 Tac.
407 2776 480 2831 Ann.
501 2774 550 2841 IV,
570 2776 613 2830 36.
650 2774 728 2829 Haec
747 2775 777 2828 et
794 2773 867 2830 talia
890 2774 1021 2844 exempla
1048 2774 1187 2845 respicere
1211 2773 1325 2829 videtur
1342 2771 1396 2828 Dio
1415 2775 1485 2840 LVI,
1504 2776 1539 2832 46
1558 2778 1668 2846 dicens,

230 2869 320 2926 etiam
337 2867 437 2924 invitis
455 2864 622 2921 civitatibus
647 2864 780 2920 extructa
803 2880 863 2920 esse
888 2863 1020 2920 delubra:
1051 2862 1097 2917 acl
1122 2863 1220 2917 dlicta
1243 2862 1396 2934 πολλαχόθι
1419 2862 1448 2918 rd
1467 2863 1520 2938 μὲν
1548 2867 1669 2924 ἑκόντων

233 2957 285 3012 τῶν
301 2957 404 3028 δήμων,
423 2952 453 3009 τὰ
468 2954 497 3008 δὲ
514 2953 562 3009 καὶ
580 2954 702 3009 εἰκόντων
721 2955 970 3026 οἶκοδομοομένων.

303 3049 332 3120 4)
352 3046 405 3104 Dio
424 3047 453 3104 O.
471 3045 556 3113 LVII,
577 3045 624 3101 10:
652 3044 682 3098 ui
702 3063 726 3098 τε
745 3043 892 3117 ἀγάλματα
916 3043 964 3099 aui
981 3042 1010 3098 eei
1031 3041 1107 3116 ripple
1124 3039 1269 3098 αὐτοῦκαὶ
1287 3038 1337 3096 ὅσα
1356 3043 1383 3096 ol
1400 3044 1484 3116 δῆμον
1500 3045 1547 3101 aui
1567 3045 1626 3104 dua
1649 3053 1672 3107 ol

228 3137 331 3194 ἰδιῶται
350 3138 468 3209 ἐποίουν,
486 3134 517 3189 τοὶ
535 3133 586 3208 μὲν
606 3132 685 3196 αὐτὸς
702 3134 843 3204 καθιέροο,
861 3132 892 3187 rei
911 3132 941 3188 di
958 3134 1009 3187 τοῖν
1029 3136 1195 3204 resupinos
1212 3130 1264 3186 τονὶ
1281 3133 1465 3205 προσέτασσεν.

302 3228 330 3299 5)
350 3227 427 3283 Suet.
448 3226 522 3298 Aug.
541 3225 590 3282 60:
623 3223 832 3278 Ρνοοίποίονοπν
846 3225 993 3296 pleraeque
1016 3241 1096 3295 super
1116 3224 1213 3294 templa
1232 3227 1258 3275 et
1275 3240 1338 3276 arus
1362 3225 1439 3279 ludos
1457 3245 1560 3300 quoque
1582 3235 1672 3304 quin.

228 3320 372 3393 quennales
391 3316 541 3388 oppidatim
559 3316 763 3370 coostituerunt
800 3315 879 3372 velut
901 3316 1027 3372 Herodes
1051 3331 1101 3370 rex
1125 3313 1278 3370 Caesareae
1304 3313 1429 3386 (loseph.
1453 3318 1522 3376 Ant.
1541 3321 1622 3389 XVI,
1647 3327 1672 3390 3,

231 3411 256 3466 1.
273 3409 306 3464 Β.
324 3407 387 3464 Iud.
405 3407 427 3476 I,
448 3407 490 3472 21,
511 3407 547 3476 8.)
585 3402 741 3461 Constituti
758 3405 825 3459 sunt
842 3403 874 3459 hi
893 3404 954 3460 ludi
972 3404 1009 3459 ad
1028 3403 1189 3473 exemplum
1218 3403 1382 3460 certaminis
1406 3408 1531 3478 gymnici
1557 3414 1591 3468 et
1607 3432 1673 3470 mu.

228 3498 295 3564 sici,
322 3498 397 3567 quod
416 3496 477 3568 ipse
497 3495 642 3565 Augustus
661 3493 795 3564 Nicopoli
819 3493 947 3549 inet'tuit
971 3493 1018 3564 (cf.
1039 3492 1499 3567 sriednenoersutengesen,11,
1519 3501 1574 3556 304
1595 3508 1674 3576 seq.)

228 3591 327 3660 itaque
356 3587 412 3659 ipsi
436 3584 558 3642 Romani
586 3584 667 3640 ludos
693 3583 919 3654 quinquennales
950 3585 987 3640 ad
1017 3583 1177 3654 exemplum
1202 3582 1335 3640 Actiacae
1362 3588 1508 3660 religIonis
1535 3591 1675 3650 decretos

230 3680 308 3749 (Tae.
327 3678 400 3733 Ann.
419 3676 481 3740 XV,
501 3675 548 3746 23)
568 3673 698 3730 Actiacos
725 3673 854 3731 solebant
880 3673 1035 3744 appellare.
1073 3673 1173 3742 Neque
1198 3690 1265 3729 vero
1289 3675 1325 3730 ad
1344 3677 1394 3734 hos
1412 3680 1605 3751 provinciales
1626 3684 1675 3740 lu.

229 3770 279 3827 dos
297 3768 424 3842 pertinet
442 3755 590 3836 Caligulae
604 3763 756 3846 aedictum,
791 3766 826 3822 de
855 3783 911 3836 quo
931 3765 1008 3821 Suet.
1028 3764 1087 3820 Cal.
1106 3763 1287 3821 reattulit:
1317 3785 1349 3822 οο
1373 3787 1427 3824 aon
1452 3775 1592 3826 aculeatus
1618 3775 1676 3830 Ιιιιο

228 3861 348 3932 Augusti
369 3857 544 3915 insectatione
562 3853 689 3910 Αοίΐαοοο
709 3855 865 3927 Siculusque
890 3855 1018 3910 victorius
1041 3860 1072 3908 ut
1089 3855 1219 3924 funestas
1238 3855 1273 3910 P.
1294 3857 1330 3913 13.
1354 3865 1380 3912 et
1397 3861 1563 3914 calamitates
1582 3866 1677 3918 vetuit

227 3949 378 4006 solennibus
390 3947 478 4020 series
507 3945 653 4004 celebrari:
683 3945 732 4000 sed
757 3945 890 4017 Caligula
914 3943 1066 4016 abrogavit
1089 3942 1174 4000 ferias
1198 3944 1322 4002 urbanas
1346 3947 1373 4003 d.
1393 3949 1409 4004 2
1428 3952 1459 4006 et
1477 3951 1502 4006 3.
1526 3967 1563 4006 m.
1585 3951 1676 4026 Sept·

226 4041 392 4103 celebratas,
417 4037 452 4092 cf.
471 4035 524 4091 Dio
543 4034 572 4091 C.
590 4035 661 4099 LIX,
681 4035 724 4089 20.
768 4035 829 4090 Hoc
848 4033 994 4106 Caligulae
1012 4033 1158 4089 decretum
1180 4032 1294 4090 videtur
1315 4037 1449 4096 Claudius
1471 4042 1675 4116 abrogavisse,

227 4147 294 4185 nam
313 4128 344 4182 in
362 4125 444 4182 fastis
462 4123 600 4181 Amitern.
620 4124 647 4178 d.
667 4125 684 4178 2
704 4123 781 4194 Sept.
800 4125 894 4180 notam
916 4124 943 4178 N
962 4122 1050 4192 (haud
1071 4120 1156 4177 dubie
1175 4139 1209 4178 ex
1229 4140 1322 4183 errore
1341 4145 1392 4198 pro
1411 4129 1482 4200 NP),
1500 4129 1561 4186 dies
1582 4133 1676 4190 3NP

227 4218 360 4276 ostentat.
399 4213 454 4270 Sed
472 4213 547 4282 quod
567 4213 755 4270 Mommsenus
779 4213 820 4268 ibi
841 4211 977 4269 victoriae
997 4209 1132 4266 Actiacae
1160 4212 1335 4271 mentionem
1353 4216 1556 4290 deprehendit,
1586 4223 1676 4280 falli-

227 4314 288 4378 tur,
318 4308 433 4364 litterae
463 4303 593 4361 residuae
619 4305 655 4362 ΤΙ
680 4305 717 4362 ad
743 4304 819 4361 diem
846 4304 959 4375 ISept.
978 4301 1138 4375 pertinent,
1169 4320 1202 4360 ac
1225 4302 1282 4360 fuit
1309 4306 1446 4379 scriptum
1471 4309 1572 4364 Furiae
1600 4313 1679 4369 Jove·

226 4397 409 4473 (toaaalts'.

300 4493 329 4564 6)
349 4491 426 4547 Suet.
446 4488 519 4558 Aug.
540 4486 583 4552 52,
613 4503 646 4542 ex
667 4504 723 4556 quo
742 4486 805 4542 loco
824 4484 958 4556 quoniam
972 4483 1141 4570 ‘Italicarum
1160 4484 1273 4541 urbium
1298 4503 1354 4543 non
1380 4489 1413 4544 fit
1436 4490 1562 4558 mantio,
1590 4511 1672 4552 non-

227 4582 302 4640 nulli
320 4578 516 4643 confecerunt,
545 4575 705 4646 Augustum
731 4574 762 4630 in
780 4575 863 4632 nulla
880 4575 982 4634 Italiae
1011 4573 1129 4630 civitate
1154 4573 1229 4630 huno
1253 4575 1387 4634 honorem
1406 4581 1562 4652 recepisse,
1592 4601 1675 4653 quos

161 4723 164 4730 .
227 4673 291 4731 falli
310 4673 413 4728 docent
432 4667 563 4739 exempla
582 4665 654 4720 sani
672 4668 702 4722 et
719 4667 848 4724 Pisarum
867 4685 953 4739 supra
971 4667 1074 4732 allata;
1093 4681 1185 4734 neque
1204 4666 1361 4737 quidquam
1379 4671 1483 4740 probat
1495 4672 1568 4729 alius
1582 4674 1675 4732 Suet.

227 4765 306 4821 locus
327 4779 350 4819 c.
370 4761 413 4817 59.
450 4757 549 4814 Dionia
568 4757 666 4812 autem
683 4757 771 4812 verba
789 4758 834 4824 LI,
853 4758 901 4813 20:
927 4759 955 4812 iv
971 4756 1077 4829 γάρτοι
1097 4755 1132 4826 τῷ
1150 4754 1221 4808 ἄστει
1240 4757 1311 4829 adipi
1328 4756 1356 4830 τῇ
1374 4777 1398 4812 ιο
1417 4758 1482 4834 ἄλλῃ
1497 4759 1595 4835 Ἰταλίᾳ
1618 4764 1674 4820 οὐκ

226 4855 296 4910 ἔστιν
309 4848 377 4910 ὅστις
395 4849 445 4902 τῶν
463 4843 510 4899 καὶ
528 4841 570 4916 sp’
591 4843 741 4898 ὁποσονοῦν
760 4847 843 4919 λόγον
861 4846 932 4910 stuic
951 4846 1037 4910 ἀξίων
1055 4845 1176 4916 ἐτόλμησεν
1194 4845 1267 4899 τοῦτο
1285 4847 1401 4920 ποιῆσον,
1421 4851 1535 4908 omnino
1555 4852 1592 4910 (10
1614 4854 1674 4911 im.

228 4942 392 5018 paratorum
403 4934 558 4994 honoribus
577 4934 681 4992 divinis
701 4936 868 5010 accipienda
887 4940 960 5005 sunt,
980 4951 1071 5006 neque
1085 4934 1138 4991 Dio
1154 4934 1256 4992 asserit
1273 4955 1413 5007 nusquam
1436 4939 1467 4997 in
1485 4940 1572 5000 Italia
1591 4943 1674 5004 vivis

223 5027 402 5106 principibus
421 5042 484 5082 aras
503 5025 554 5082 aut
572 5025 680 5096 templa
698 5043 757 5086 esse
776 5027 914 5088 dedicata.
