3384 5510
902 273 957 368 'tv

218 435 396 506 litterarum
427 433 583 522 vestigia,
616 454 699 522 quae
726 434 802 506 olim
834 433 1077 528 eomparehant,
1110 435 1206 508 hodie
1222 436 1294 526 jnm
1321 435 1449 527 penitus
1471 436 1645 508 evanuisse

220 544 289 612 veri
316 542 360 611 sit
385 541 499 630 simile,
532 562 598 611 non
625 549 674 611 est
697 543 821 632 mirum,
856 544 885 614 si
913 545 1055 636 priorum
1084 545 1252 635 exempla,
1286 544 1432 632 quamvis
1453 544 1644 614 Perrotiano

219 647 460 736 posthabenda,
489 653 598 716 tamen
619 648 741 736 passim
770 650 915 718 auotiora
936 651 1001 719 sint
1014 649 1049 738 ¹).
1091 650 1231 719 Litteras
1252 650 1306 720 vel
1328 650 1461 720 detritas
1482 652 1536 721 vel
1555 643 1644 720 male

220 754 399 843 deseriptas
419 753 516 821 tam
506 775 542 822 ιιι
563 753 663 821 latino
686 775 783 841 quam
802 755 838 823 in
859 774 976 842 gruem
1004 755 1097 824 titulo
1126 754 1281 844 adpunxi,
1315 762 1350 825 ut
1371 757 1471 826 dubia
1500 778 1522 826 a
1544 757 1644 832 nertin

220 860 318 949 plane
339 859 536 946 dirimerem
558 861 728 928 verborum
750 860 998 949 iuteroeptorum
1018 861 1241 949 supplementa
1262 862 1415 931 eaneellis
1437 862 1553 952 saeps‘u
1601 879 1621 925 .·
1670 937 1671 946 J

307 965 427 1051 Indici,
460 965 727 1051 quemadmodum
747 966 861 1034 refinxi
888 973 920 1036 et
948 967 1113 1055 supplevi,
1145 967 1419 1036 Mommsenianae
1448 953 1649 1037 recensionis

220 1092 347 1142 onmem
380 1071 598 1141 diversitatem
628 1073 762 1161 subJaoi
820 1074 860 1144 Ιιι
890 1074 1151 1144 adnotationibus
1188 1074 1345 1161 potiorem
1382 1075 1648 1165 apographorum

219 1178 384 1264 utriusque
405 1177 490 1246 tituli
510 1177 699 1248 varietatem
721 1177 869 1266 exhihui3
906 1181 961 1266 qui
983 1180 1168 1248 universam
1195 1179 1342 1248 leetionis
1375 1181 1501 1269 sopiam
1524 1201 1648 1268 aeguo

219 1304 309 1356 seere
329 1285 439 1370 velint,
459 1283 648 1353 Mommseni
666 1283 783 1351 librum
802 1283 937 1371 adeant;
959 1290 1026 1352 tum
1046 1303 1123 1353 vero
1145 1303 1194 1371 ea,
1216 1305 1298 1371 quae
1319 1286 1448 1373 novavi,
1471 1286 1649 1374 diligenter

218 1389 440 1461 sommendare
460 1409 500 1458 aa
521 1389 647 1457 firmare
667 1388 784 1478 studui,
816 1390 880 1458 nisi
902 1389 987 1477 quod
1008 1390 1163 1459 nonnulla
1184 1389 1314 1459 levioris
1336 1393 1489 1460 momenti
1510 1393 1648 1490 supple·
1674 1433 1675 1440 κ

216 1503 334 1580 menta,
356 1515 439 1583 quae
459 1495 489 1564 si
510 1496 680 1564 eontuleris
702 1507 775 1570 oum
794 1497 936 1586 priorum
955 1497 1108 1586 perieulis
1128 1496 1225 1565 iaoile
1245 1497 1319 1585 ipsa
1339 1516 1374 1565 se
1394 1503 1538 1585 nentur,
1553 1498 1650 1584 nolui

139 1675 140 1678 ,
215 1602 269 1670 hio
290 1603 428 1672 iterare·
459 1603 570 1688 Neque
591 1602 761 1671 verborum
782 1622 950 1688 rerumque
975 1601 1271 1690 interpretationem
1294 1601 1462 1689 neglexi,
1466 1591 1526 1670 sed
1548 1600 1669 1694 atpigi3

219 1708 376 1796 ejusmodi
404 1707 606 1794 quaestiones
637 1708 743 1777 iere
734 1709 774 1776 nis
795 1708 874 1776 loeis
904 1707 961 1775 nbi
983 1729 1004 1774 a
1025 1708 1216 1776 Mommseni
1243 1708 1403 1775 sententia
1431 1707 1534 1776 mihi
1529 1707 1648 1789 disoe-
1658 1701 1670 1766 ἶ.

219 1813 359 1884 dandum
386 1812 456 1900 fuit,
488 1813 543 1898 qui
565 1812 604 1881 de
631 1813 692 1882 hoe
719 1814 811 1882 titulo
841 1813 1083 1883 commentando
1110 1813 1242 1901 egregie
1263 1813 1394 1882 meritus
1415 1817 1502 1886 eti·-
1526 1801 1666 1916 napea:

219 1917 296 1986 davi
315 1924 382 1986 tam
401 1917 538 1986 latinum
559 1937 654 2003 qnam
675 1939 823 2004 graeoum
845 1919 1026 2007 exemplum
1046 1938 1156 1986 mense
1177 1918 1353 1986 Februario
1376 1937 1405 1984 a.
1429 1915 1533 2003 1871,
1544 1920 1670 2012 :spreti

219 2023 411 2091 monterium
430 2044 489 2110 per
509 2022 681 2090 intervalla
702 2024 863 2092 semestris
893 2024 1010 2092 aestivi
1039 2022 1182 2110 ejusdem
1210 2023 1289 2091 anni
1316 2021 1460 2108 eonfeei,
1492 2015 1570 2092 sed?
1573 2031 1652 2089 sum

211 2109 303 2195 'alius
326 2127 456 2213 gravior
483 2125 576 2193 labor
601 2135 768 2217 urgueret,
801 2127 919 2197 haee
910 2150 945 2196 ιιι
967 2128 1092 2196 seriniis
1121 2126 1322 2214 delituerunt,
1356 2131 1389 2194 et
1414 2147 1487 2194 eum
1513 2095 1651 2202 tandem

219 2232 351 2304 librario
373 2231 494 2302 tradita
516 2238 633 2326 essent,
656 2253 824 2323 operarum
846 2234 1006 2302 annotatio
1028 2252 1151 2302 moram
1172 2233 1279 2301 attulit
1301 2231 1491 2302 diuturnam.
1547 2245 1552 2256 '
1575 2204 1669 2318 f·

292 2453 319 2527 1)
337 2455 457 2512 Nullum
475 2453 552 2510 enim
570 2455 613 2510 est
631 2453 835 2524 apographum,
855 2452 931 2522 quod
949 2469 1006 2510 nou
1023 2468 1106 2524 opem
1124 2451 1250 2521 aliquam
1267 2451 1356 2518 fenam
1375 2451 1418 2508 ita
1436 2429 1645 2532 anbequianh
1666 2488 1671 2496 ·

208 2545 350 2618 ¹exempla
373 2546 433 2601 sola
462 2543 599 2601 exhibent
625 2541 669 2598 int
656 2544 767 2614 tegnam
795 2541 887 2609 QVOS
906 2541 956 2608 III,
983 2543 1026 2610 30,
1055 2541 1125 2598 item
1151 2540 1198 2606 IV,
1221 2541 1256 2596 49
1281 2541 1303 2596 Ρ
1323 2579 1436 2597 .....
1460 2542 1506 2598 ΕΤ
1529 2535 1663 2616 Assae*

209 2635 277 2710 ¹(oet
278 2636 319 2694 eri
336 2636 408 2692 nihil
426 2632 601 2692 nisiASIAE
620 2631 667 2688 vel
686 2631 789 2702 stell),
805 2647 925 2700 quorum
945 2631 1014 2688 fides
1033 2631 1167 2688 etiamen
1182 2630 1319 2697 firmatur,
1337 2628 1413 2699 quod
1431 2629 1478 2688 hio
1496 2630 1557 2690 illie
1570 2653 1660 2714 quae

219 2744 292 2781 nnus
310 2724 487 2794 anbequins
504 2721 577 2792 legit
595 2723 694 2792 postea
711 2721 822 2776 Perroti
839 2720 1003 2798 testimonio
1022 2719 1152 2822 stahipita
1172 2721 1246 2790 sunt,
1272 2718 1352 2775 velut
1369 2719 1420 2785 III,
1440 2720 1550 2794 Singit
1568 2724 1661 2816 prio-¹

218 2832 263 2872 res
280 2815 339 2882 HS,
364 2815 413 2870 sed
431 2813 507 2884 apud
526 2809 719 2880 Busbequinm
739 2809 795 2866 Bis
813 2810 921 2882 legitur
939 2800 1072 2882 pioelivi
1078 2823 1180 2870 eriere
1214 2809 1306 2864 Irmene
1331 2810 1442 2876 autem,
1469 2810 1553 2868 homo
1576 2805 1651 2871 11111-

218 2906 287 2984 gent
288 2903 407 2970 issimus,
425 2903 472 2968 IV,
491 2902 534 2968 30,
554 2917 610 2970 quo
622 2900 684 2956 loeo
702 2899 790 2956 aeteri
807 2899 881 2955 nihil
893 2901 978 2972 plane
993 2897 1194 2970 dispexerunt,
1203 2883 1366 2954 litterarum
1379 2899 1498 2957 obseura
1511 2887 1659 2977 vestigia,

219 3011 292 3062 quae
310 2990 519 3065 deprehendere
537 2989 594 3046 sihi
610 2989 687 3046 visus
706 2991 761 3054 est,
789 2989 919 3056 notavit,
947 2991 1011 3045 ut'
999 3007 1061 3063 Jam
1087 2987 1202 3045 liauerit
1226 2987 1308 3044 illum
1332 2987 1459 3044 loenm
1450 3007 1481 3045 ru
1499 2991 1678 3070 integrioris·

216 3083 375 3140 restituere.
411 3079 552 3138 Ghishulli
568 3079 713 3151 exempla,
737 3078 869 3148 quamvis
887 3080 1045 3138 navandum
1065 3080 1123 3146 est,
1149 3095 1184 3136 ue
1203 3077 1294 3150 ipsius
1311 3077 1516 3150 supplementis
1535 3072 1676 3158 dessipit-3

217 3189 306 3240 amur,
325 3171 371 3238 ΙΙ,
391 3171 484 3242 iseq.
503 3170 654 3244 insigniter
674 3167 850 3240 profuerunt.
1096 3179 1102 3186 '

1572 3331 1665 3368 r·..·

347 3353 414 3424 Ser.
435 3355 569 3423 Bonnae
590 3351 621 3420 d.
642 3353 686 3420 20
707 3373 748 3418 m.
770 3353 919 3424 Januarii

484 3457 782 3527 MDOOOLXXIII.
