3384 5510
917 295 963 368 46

228 493 284 546 ¹ees
302 472 490 547 ianuarium
512 477 544 540 et
565 469 776 542 Februarium
796 495 861 543 non
881 475 1029 543 sufficere
1042 473 1079 564 ¹).
1119 471 1446 562 FortesseAugustus
1467 476 1586 544 indixit
1603 495 1639 544 ce

230 583 322 649 mitia
341 583 376 648 in
398 601 471 650 eum
493 580 587 666 diem,
622 581 773 664 quoniam
803 581 943 667 majores
964 599 1075 648 mense
1096 579 1212 646 Martio
1233 581 1365 666 saepius
1387 602 1427 649 ea
1449 582 1581 650 comitia
1600 580 1640 645 ba

233 688 378 773 buerant,
407 687 499 771 isque
530 687 649 752 mensis
674 693 843 771 propterea
865 707 1052 773 prosperum
1082 692 1231 752 eventum
1260 686 1444 772 promittere
1473 687 1640 754 videbatur:

225 799 318 860 ¹certe
340 791 469 859 comitia
491 790 629 857 creando
652 790 795 877 pontifici
817 811 847 856 a.
869 790 943 876 542,
965 791 1007 856 de
1029 791 1144 874 quibus
1165 791 1236 857 Liv.
1257 791 1361 877 XXV,
1383 791 1404 858 5
1426 793 1542 878 refert,
1563 811 1641 859 verno

232 903 376 982 tempore
395 895 487 962 inter·
501 895 531 961 d.
549 897 590 962 15
601 896 703 981 Mart,
726 915 788 979 quo
811 895 958 963 eonsules
978 897 1202 980 magistratum
1224 903 1385 983 ceperunt,
1408 891 1551 964 cruat.
1561 897 1642 982 April,

233 1020 296 1085 quo
324 999 515 1086 perpetratis
543 1001 632 1068 feriis
656 1000 781 1067 Latinis
810 1001 844 1066 in
867 1001 1052 1087 provincias
1080 999 1216 1086 profecti
1238 1007 1328 1088 sunt,
1358 1001 1472 1069 habita
1492 1021 1567 1069 esse
1587 1021 1642 1066 con·

234 1111 423 1174 sentaneum
455 1111 517 1191 est,
550 1125 653 1191 neque
683 1125 776 1191 vero,
811 1105 897 1190 quod
919 1105 1055 1173 fortasse
1085 1106 1202 1191 aliquis
1225 1123 1266 1172 ex
1286 1106 1445 1172 Livianae
1466 1105 1641 1172 narrationi

232 1219 343 1279 tenore
365 1209 505 1296 colligat,
528 1217 600 1297 post
620 1210 695 1275 Kal.
716 1207 823 1294 Mejes
836 1207 872 1297 ²).
918 1210 1056 1293 Augusti
1078 1209 1259 1296 exemplum
1288 1217 1415 1278 seculus
1445 1211 1547 1278 etiam
1568 1211 1642 1276 'libe

231 1318 299 1384 rius
322 1316 435 1384 eodem
455 1333 565 1383 mense
586 1313 702 1380 Martio
725 1313 783 1379 sed
806 1313 858 1380 die
882 1314 925 1379 10
945 1313 1166 1400 pontificatum
1187 1315 1363 1381 maximum
1385 1315 1470 1401 cepit
1482 1314 1522 1403 ⁶),
1553 1335 1642 1382 vernn

233 1421 381 1490 Vitellius
411 1442 476 1489 non
508 1418 667 1486 dubitavit
693 1419 747 1486 vel
768 1417 904 1485 Alliensi
934 1418 1001 1505 die,
1032 1419 1077 1507 (h.
1099 1439 1127 1486 e.
1149 1417 1180 1486 a
1204 1420 1245 1486 18
1267 1420 1360 1508 Julii)
1390 1419 1475 1486 hunc
1506 1420 1641 1486 honoren

233 1524 445 1614 auspicum).

865 1836 948 1928 (lep.
969 1838 1038 1910 XI.

319 2011 355 2080 P.
377 2012 420 2099 H,
442 2013 494 2080 29.
538 2010 707 2078 Fortunae
728 2011 857 2095 reducis
879 2033 975 2096 quam
996 2014 1109 2080 reduci
1131 2012 1271 2082 seribere
1293 2010 1392 2079 malui
1414 2016 1545 2080 secutus
1565 2009 1643 2079 (irae-

234 2139 308 2190 eem
328 2117 639 2204 interpretationem,
668 2137 743 2183 nem
765 2117 857 2184 Festi
878 2107 1007 2185 variant
1027 2120 1123 2187 modo
1144 2117 1320 2186 seeundum
1340 2117 1435 2186 modo
1456 2118 1587 2184 tertium
1606 2137 1642 2182 ca-

232 2245 304 2296 sum
324 2228 529 2294 ostentantes.
552 2259 594 2272 -
615 2223 651 2288 Ρ.
673 2222 716 2308 Π,
739 2223 782 2288 30
799 2243 865 2305 pro
888 2223 995 2290 reditu
1016 2246 1084 2292 meo
1107 2246 1147 2292 ec
1169 2225 1268 2310 Syrie
1291 2222 1422 2311 scripsi,
1455 2242 1534 2289 nam
1555 2222 1643 2306 Angu-

234 2336 319 2400 stum
346 2329 414 2398 veri
436 2329 539 2396 simile
569 2333 618 2396 est
639 2327 748 2394 statim
770 2350 791 2394 a
814 2327 971 2416 principio
997 2329 1136 2398 dilucide
1169 2329 1381 2416 indicavisse,
1410 2327 1495 2395 unde
1527 2328 1642 2394 Roman

233 2433 365 2505 redierit
377 2432 413 2523 ⁶).
453 2433 595 2508 Graecus
616 2433 772 2519 interpres
795 2438 829 2498 ut
849 2434 950 2500 verba
971 2433 1064 2500 latini
1087 2434 1225 2522 exempli
1248 2435 1396 2520 [propter
1418 2432 1530 2518 neptes
1552 2431 1643 2498 Horae

232 2542 282 2608 ror
303 2547 334 2610 et
354 2541 485 2606 virtut-ie
513 2539 589 2626 (Dio
613 2537 648 2606 O.
669 2539 752 2626 LIV,
777 2539 817 2604 18
846 2542 902 2624 τὴν
930 2541 983 2626 τῆς
1017 2542 1118 2623 Terei:
1147 2543 1202 2603 erui
1232 2543 1285 2626 τῆς
1315 2539 1436 2624 Ἀρετῆς
1465 2535 1642 2623 πανήγυριν)

233 2644 456 2734 praetermisit,
483 2650 572 2710 ratus
594 2642 674 2728 πρὸς
696 2644 732 2732 τῇ
756 2642 895 2730 Καπήνῃ
918 2642 1001 2732 πύλῃ
1023 2643 1179 2732 sufficere,
1212 2643 1258 2710 ita
1288 2663 1564 2731 supervacaneum
1594 2643 1642 2712 cxi·

232 2752 376 2819 elimavit
397 2749 537 2818 Orientis
558 2748 609 2816 bis
630 2747 823 2815 mentionem
844 2747 924 2834 fieri,
947 2767 1045 2832 quare
1067 2749 1183 2836 Syriae
1204 2769 1330 2837 nomen,
1363 2770 1425 2834 quo
1446 2747 1535 2817 infra
1557 2749 1643 2834 utitm

234 2855 297 2924 boe
317 2855 387 2923 loeo
409 2853 561 2938 neglexit.
603 2855 715 2938 Neque
737 2873 812 2919 vero
833 2853 998 2938 Augustus
1020 2855 1070 2922 bis
1092 2855 1205 2922 eodem
1225 2855 1383 2922 vocabulo
1405 2876 1483 2922 usus
1505 2863 1574 2942 est,
1600 2857 1643 2922 ita·

235 2980 298 3048 que
320 2958 437 3027 deinde
458 2959 589 3046 scripsit
616 2960 652 3026 tre
674 2957 783 3024 urbem
806 2977 846 3023 ce
870 2957 1114 3044 [transmarinis
1131 2961 1302 3044 provincia
1323 2960 1501 3043 redieram,
1531 2980 1643 3045 cumque

234 3133 545 3152 mm

306 3237 334 3312 1)
353 3239 501 3296 Gaesarem
524 3237 675 3310 postquam
700 3231 897 3307 pontificatum
921 3227 1078 3294 marimum
1103 3233 1181 3309 cepit
1207 3238 1364 3296 orationem
1388 3231 1441 3310 pro
1459 3237 1592 3310 Bithynis
1608 3235 1643 3292 ha

234 3325 327 3388 baisse
352 3327 495 3400 signifieat
519 3327 628 3384 Gellius
645 3327 680 3392 V,
699 3326 742 3392 13,
766 3326 814 3382 sed
839 3327 965 3397 suspicor
990 3329 1104 3384 doctum
1128 3329 1347 3400 grammaticum
1371 3347 1473 3396 errare,
1497 3329 1642 3400 pontiflcen

234 3421 391 3478 maximum
409 3436 461 3489 pro
479 3418 612 3488 pontifice
631 3417 833 3488 appellantem,
858 3419 935 3486 quod
952 3419 1141 3475 sacerdotium
1160 3420 1261 3476 Caesar
1279 3436 1304 3473 a.
1324 3419 1376 3474 680
1395 3419 1481 3490 cepit,
1509 3421 1541 3474 et
1564 3417 1643 3474 eodem

232 3513 291 3568 fere
309 3512 437 3580 tempore
455 3507 542 3563 etiam
561 3505 652 3562 oratio
669 3506 770 3561 habita
788 3523 847 3562 esse
865 3507 988 3574 uidetur,
1017 3509 1047 3564 in
1066 3527 1122 3579 qna
1141 3509 1192 3578 qui
1211 3509 1399 3580 compellatur
1422 3527 1479 3564 non
1496 3508 1537 3563 M.
1556 3509 1643 3563 Juncus

233 3602 285 3668 est,
307 3600 391 3655 homo
409 3597 481 3652 mibi
499 3596 613 3665 quidem
631 3611 744 3666 prorsus
762 3595 885 3666 ignotus,
905 3597 954 3666 qui
974 3598 1149 3669 Nipperdeio
1168 3602 1198 3654 et
1216 3598 1333 3656 Heetaio
1351 3599 1470 3670 placuit,
1489 3598 1539 3654 sed
1558 3599 1593 3652 Μ.
1609 3595 1643 3650 Ju-

235 3689 300 3746 nius
319 3687 441 3752 Silanus,
469 3685 515 3741 cui
533 3685 619 3756 vulgo
637 3687 668 3740 L.
685 3702 857 3755 praenomen
875 3686 923 3741 sed
942 3687 1001 3744 sine
1026 3682 1205 3746 auctoritate
1221 3689 1362 3754 tribuunt,
1391 3687 1441 3756 qui
1459 3686 1543 3741 modo
1565 3684 1643 3740 Asiam

234 3775 407 3851 provinciam
434 3775 606 3831 obtinuerat.
643 3773 687 3828 Ad
711 3773 830 3830 eundem
853 3775 944 3832 refero
969 3780 1084 3848 praeter
1101 3777 1189 3834 Plinii
1207 3778 1350 3833 testimon.
1368 3776 1404 3830 H.
1422 3775 1457 3830 N.
1476 3773 1589 3839 XXXV,
1607 3771 1643 3827 100

233 3869 279 3924 tit.
299 3866 429 3922 Atticum
446 3865 518 3936 Eph.
537 3865 621 3920 Areh.
641 3865 727 3919 3765:
757 3865 784 3917 ri
803 3864 895 3918 consec
914 3867 1047 3933 Βοιωτῶν,
1072 3866 1207 3937 Εὐβοέων,
1236 3867 1358 3936 Λοκρῶν,
1382 3864 1508 3927 Φωκέων,
1539 3863 1644 3932 Δωριέων

232 3959 348 4028 Μάρκον
362 3955 483 4010 ’loslrror
498 3955 664 4026 (ΙΟΥΑΙΟΝ)
682 3955 797 4026 Μάρκου
821 3957 893 4020 υἱόν,
921 3957 1031 4030 Aisepos
1049 3956 1162 4024 υἱωνόν,
1187 3958 1331 4021 Σειλανόν,
1356 3954 1529 4027 ἇντιιαμίαν,
1557 3952 1642 4022 σωτῆρα

232 4048 281 4105 erui
297 4047 442 4118 εὖιργὲτην.

305 4138 333 4209 2)
352 4137 449 4193 Livius
466 4135 554 4202 XXV,
573 4137 661 4192 eutr
679 4135 808 4192 fraudem
827 4138 1046 4208 publicanorum
1064 4141 1095 4196 et
1112 4138 1323 4196 Postumianum
1341 4152 1454 4192 causam
1469 4133 1569 4190 ordine
1581 4148 1643 4189 enar

233 4230 287 4294 rat,
307 4230 368 4283 tum
387 4226 535 4298 subjungit
553 4225 669 4282 comitia
696 4228 825 4298 pontifici
853 4231 974 4287 creando
999 4232 1109 4300 habita,
1140 4232 1190 4288 sed
1207 4231 1273 4288 inde
1297 4247 1355 4285 non
1380 4224 1516 4294 sequitur,
1545 4225 1642 4280 haece

234 4316 385 4388 excepisse,
412 4334 477 4371 cum
494 4313 590 4386 potius
608 4315 707 4371 eodem
731 4316 789 4372 fere
809 4319 936 4389 tempore
962 4322 1105 4376 transacta
1123 4320 1193 4388 sint,
1222 4338 1295 4390 quae
1320 4333 1412 4374 rernm
1433 4312 1566 4382 scriptori
1583 4311 1641 4367 dein

233 4424 298 4478 ceps
317 4404 476 4462 enarranda
494 4404 617 4460 luerunt.
654 4404 854 4463 Postumianae
878 4424 978 4464 causae
1002 4411 1131 4480 tempora
1148 4409 1272 4466 enodare
1291 4425 1348 4465 non
1366 4405 1464 4472 audeo,
1491 4405 1543 4460 sed
1564 4403 1640 4459 viden·

232 4497 281 4552 tur
298 4495 369 4552 haec
387 4493 503 4550 circiter
521 4491 713 4565 quadraginta
730 4493 830 4552 diebus
849 4498 995 4554 transacta
1013 4514 1081 4556 esse.
1514 4507 1517 4514 ’

304 4586 333 4657 3)
352 4584 419 4640 Dies
437 4585 454 4638 6
471 4583 575 4638 mensis
590 4583 688 4639 Martii
714 4601 763 4640 cur
787 4587 884 4643 notam
902 4567 960 4655 NP,
990 4589 1024 4644 1⁰
1042 4587 1180 4644 uotam'G
1197 4587 1332 4652 ostentet,
1358 4585 1458 4644 inves‘
1498 4603 1529 4642 re
1552 4587 1579 4642 rt
1601 4556 1641 4641 Jluit

232 4673 393 4733 Eartnreun
410 4672 456 4742 (R.
475 4672 674 4730 Gerichtsveri.
691 4693 719 4746 p.
733 4675 789 4748 58),
809 4677 858 4732 sed
877 4677 1040 4748 conjectura
1058 4677 1182 4745 incerta,
1209 4677 1349 4747 siquidem
1367 4676 1428 4734 dies
1502 4675 1560 4732 Jun
1579 4703 1580 4706 ¹
1606 4674 1642 4735 rot

234 4764 263 4822 N
265 4765 285 4821 P
303 4761 456 4834 insignitus
472 4763 516 4818 est
534 4764 650 4834 propter
668 4764 752 4821 ferias
771 4765 807 4822 ob
826 4765 1009 4837 adoptionem
1027 4767 1145 4824 Tiberii.

306 4855 336 4926 4)
355 4853 433 4910 Suet.
451 4851 551 4908 Vitell.
570 4853 613 4908 ll.
632 4853 723 4910 Tacit.
741 4855 814 4911 Hist.
832 4856 869 4924 H,
886 4857 931 4913 91.
1439 4587 1615 5040 Ἃ

309 4944 340 5015 5)
362 4940 444 5008 Quod
461 4941 579 5027 fortasse
597 4941 702 5014 aliquis
721 4945 854 5016 conjiciat
871 4946 990 5017 reliquis
1007 4946 1176 5004 Mommseni
1192 4945 1398 5022 supplementis
1407 4955 1540 5018 serratis
1617 4941 1645 5012 ri

241 5031 368 5094 bendum
384 5047 443 5091 esse
453 5050 512 5108 pro
529 5035 614 5091 solute
629 5039 657 5091 ot
672 5033 763 5091 redsa
780 5051 848 5105 mco,
869 5035 983 5094 omnino
999 5035 1225 5109 improbandum

1607 5061 1656 5178 *l
