<?xml version="1.0" encoding="UTF-8"?>
<!DOCTYPE html PUBLIC "-//W3C//DTD XHTML 1.0 Transitional//EN"
    "http://www.w3.org/TR/xhtml1/DTD/xhtml1-transitional.dtd">
<html xmlns="http://www.w3.org/1999/xhtml" xml:lang="en" lang="en">
 <head>
  <title>
</title>
<meta http-equiv="Content-Type" content="text/html;charset=utf-8" />
  <meta name='ocr-system' content='tesseract 3.04.00' />
  <meta name='ocr-capabilities' content='ocr_page ocr_carea ocr_par ocr_line ocrx_word'/>
</head>
<body>
  <div class='ocr_page' id='page_1' title='image "augustirerumase00berggoog_0089.png"; bbox 0 0 3356 5518; ppageno 0'>
   <div class='ocr_carea' id='block_1_1' title="bbox 897 269 944 352">
    <p class='ocr_par' dir='ltr' id='par_1_1' title="bbox 897 269 944 352">
     <span class='ocr_line' id='line_1_1' title="bbox 897 269 944 352; baseline 0 0"><span class='ocrx_word' id='word_1_1' title='bbox 897 269 944 352; x_wconf 82' lang='lat' dir='ltr'><strong>so</strong></span> 
     </span>
    </p>
   </div>
   <div class='ocr_carea' id='block_1_2' title="bbox 203 436 1648 1178">
    <p class='ocr_par' dir='ltr' id='par_1_2' title="bbox 203 436 1648 1178">
     <span class='ocr_line' id='line_1_2' title="bbox 207 436 1645 546; baseline -0.004 -20"><span class='ocrx_word' id='word_1_2' title='bbox 207 441 382 546; x_wconf 86' lang='lat' dir='ltr'><strong>suspicioni</strong></span> <span class='ocrx_word' id='word_1_3' title='bbox 412 449 478 526; x_wconf 87' lang='lat' dir='ltr'><strong>nou</strong></span> <span class='ocrx_word' id='word_1_4' title='bbox 506 441 575 524; x_wconf 85' lang='lat' dir='ltr'><strong>tam</strong></span> <span class='ocrx_word' id='word_1_5' title='bbox 606 456 691 542; x_wconf 87' lang='lat' dir='ltr'><strong>quod</strong></span> <span class='ocrx_word' id='word_1_6' title='bbox 711 441 742 525; x_wconf 70' lang='lat' dir='ltr'><strong>r.</strong></span> <span class='ocrx_word' id='word_1_7' title='bbox 764 459 810 523; x_wconf 86' lang='grc'><strong>44</strong></span> <span class='ocrx_word' id='word_1_8' title='bbox 829 457 927 543; x_wconf 88' lang='lat' dir='ltr'><strong>plane</strong></span> <span class='ocrx_word' id='word_1_9' title='bbox 956 441 1075 542; x_wconf 79' lang='lat' dir='ltr'><strong>legitur</strong></span> <span class='ocrx_word' id='word_1_10' title='bbox 1103 441 1257 535; x_wconf 70' lang='lat' dir='ltr'><strong>clamari,</strong></span> <span class='ocrx_word' id='word_1_11' title='bbox 1284 441 1382 542; x_wconf 70' lang='lat' dir='ltr'><strong>(dam</strong></span> <span class='ocrx_word' id='word_1_12' title='bbox 1401 443 1476 521; x_wconf 80' lang='lat' dir='ltr'><strong>&#39;alii</strong></span> <span class='ocrx_word' id='word_1_13' title='bbox 1510 436 1645 539; x_wconf 78' lang='lat' dir='ltr'><strong>quoquc</strong></span> 
     </span>
     <span class='ocr_line' id='line_1_3' title="bbox 206 559 1645 652; baseline -0.008 -19"><span class='ocrx_word' id='word_1_14' title='bbox 206 567 376 652; x_wconf 89' lang='lat' dir='ltr'><strong>scriptores</strong></span> <span class='ocrx_word' id='word_1_15' title='bbox 397 571 566 648; x_wconf 87' lang='lat' dir='ltr'><strong>utramque</strong></span> <span class='ocrx_word' id='word_1_16' title='bbox 586 563 725 630; x_wconf 82' lang='lat' dir='ltr'><strong>formam</strong></span> <span class='ocrx_word' id='word_1_17' title='bbox 753 564 935 650; x_wconf 91' lang='lat' dir='ltr'><strong>promiscue</strong></span> <span class='ocrx_word' id='word_1_18' title='bbox 963 562 1142 648; x_wconf 88' lang='lat' dir='ltr'><strong>adhibent),</strong></span> <span class='ocrx_word' id='word_1_19' title='bbox 1175 560 1234 626; x_wconf 84' lang='lat' dir='ltr'><strong>sed</strong></span> <span class='ocrx_word' id='word_1_20' title='bbox 1262 562 1348 645; x_wconf 87' lang='lat' dir='ltr'><strong>quod</strong></span> <span class='ocrx_word' id='word_1_21' title='bbox 1378 561 1506 646; x_wconf 84' lang='lat' dir='ltr'><strong>plenior</strong></span> <span class='ocrx_word' id='word_1_22' title='bbox 1537 559 1645 624; x_wconf 85' lang='lat' dir='ltr'><strong>forma</strong></span> 
     </span>
     <span class='ocr_line' id='line_1_4' title="bbox 206 666 1647 756; baseline -0.006 -19"><span class='ocrx_word' id='word_1_23' title='bbox 206 677 341 756; x_wconf 84' lang='lat' dir='ltr'><strong>atroque</strong></span> <span class='ocrx_word' id='word_1_24' title='bbox 369 671 441 737; x_wconf 89' lang='lat' dir='ltr'><strong>loco</strong></span> <span class='ocrx_word' id='word_1_25' title='bbox 463 670 507 736; x_wconf 86' lang='lat' dir='ltr'><strong>ad</strong></span> <span class='ocrx_word' id='word_1_26' title='bbox 527 670 733 736; x_wconf 80' lang='lat' dir='ltr'><strong>interstitium</strong></span> <span class='ocrx_word' id='word_1_27' title='bbox 761 668 984 755; x_wconf 88' lang='lat' dir='ltr'><strong>complendum</strong></span> <span class='ocrx_word' id='word_1_28' title='bbox 1010 666 1196 734; x_wconf 87' lang='lat' dir='ltr'><strong>necessaria</strong></span> <span class='ocrx_word' id='word_1_29' title='bbox 1228 674 1351 732; x_wconf 83' lang='lat' dir='ltr'><strong>est-</strong></span> <span class='ocrx_word' id='word_1_30' title='bbox 1372 667 1411 730; x_wconf 92' lang='lat' dir='ltr'><strong>Iu</strong></span> <span class='ocrx_word' id='word_1_31' title='bbox 1433 667 1569 732; x_wconf 82' lang='lat' dir='ltr'><strong>Graeco</strong></span> <span class='ocrx_word' id='word_1_32' title='bbox 1595 683 1647 728; x_wconf 83' lang='lat' dir='ltr'><strong>ex-</strong></span> 
     </span>
     <span class='ocr_line' id='line_1_5' title="bbox 204 769 1648 862; baseline -0.007 -19"><span class='ocrx_word' id='word_1_33' title='bbox 204 777 310 862; x_wconf 89' lang='lat' dir='ltr'><strong>emplo</strong></span> <span class='ocrx_word' id='word_1_34' title='bbox 331 774 502 839; x_wconf 72' lang='grc'><strong>1111111311</strong></span> <span class='ocrx_word' id='word_1_35' title='bbox 524 776 671 860; x_wconf 87' lang='lat' dir='ltr'><strong>quamvis</strong></span> <span class='ocrx_word' id='word_1_36' title='bbox 691 775 840 841; x_wconf 85' lang='lat' dir='ltr'><strong>vitiosum</strong></span> <span class='ocrx_word' id='word_1_37' title='bbox 861 774 998 840; x_wconf 85' lang='lat' dir='ltr'><strong>fortasse</strong></span> <span class='ocrx_word' id='word_1_38' title='bbox 1020 771 1179 838; x_wconf 78' lang='lat' dir='ltr'>debebam</span> <span class='ocrx_word' id='word_1_39' title='bbox 1202 791 1340 855; x_wconf 87' lang='lat' dir='ltr'><strong>serrare,</strong></span> <span class='ocrx_word' id='word_1_40' title='bbox 1368 769 1648 854; x_wconf 80' lang='lat' dir='ltr'>quemadmodum</span> 
     </span>
     <span class='ocr_line' id='line_1_6' title="bbox 203 875 1648 962; baseline -0.006 -14"><span class='ocrx_word' id='word_1_41' title='bbox 203 882 240 948; x_wconf 90' lang='lat' dir='ltr'><strong>in</strong></span> <span class='ocrx_word' id='word_1_42' title='bbox 260 882 363 948; x_wconf 86' lang='lat' dir='ltr'><strong>titulis</strong></span> <span class='ocrx_word' id='word_1_43' title='bbox 384 882 670 948; x_wconf 72' lang='lat' dir='ltr'><strong>Stratonicensium</strong></span> <span class='ocrx_word' id='word_1_44' title='bbox 691 881 789 947; x_wconf 88' lang='lat' dir='ltr'><strong>etiam</strong></span> <span class='ocrx_word' id='word_1_45' title='bbox 810 878 1044 962; x_wconf 82' lang='lat' dir='ltr'><strong>antiquioribus</strong></span> <span class='ocrx_word' id='word_1_46' title='bbox 1066 877 1248 961; x_wconf 84' lang='lat' dir='ltr'><strong>frequenter</strong></span> <span class='ocrx_word' id='word_1_47' title='bbox 1270 883 1320 942; x_wconf 89' lang='lat' dir='ltr'><strong>est</strong></span> <span class='ocrx_word' id='word_1_48' title='bbox 1347 881 1518 961; x_wconf 88' lang='lat' dir='ltr'><strong>peccatum</strong></span> <span class='ocrx_word' id='word_1_49' title='bbox 1546 875 1603 961; x_wconf 80' lang='grc' dir='ltr'><strong>(Ο.</strong></span> <span class='ocrx_word' id='word_1_50' title='bbox 1626 875 1648 939; x_wconf 93' lang='grc' dir='ltr'><strong>Ι.</strong></span> 
     </span>
     <span class='ocr_line' id='line_1_7' title="bbox 206 981 1648 1074; baseline -0.009 -21"><span class='ocrx_word' id='word_1_51' title='bbox 206 985 261 1053; x_wconf 79' lang='lat' dir='ltr'><strong>Gr.</strong></span> <span class='ocrx_word' id='word_1_52' title='bbox 283 985 327 1072; x_wconf 91' lang='grc' dir='ltr'><strong>Π,</strong></span> <span class='ocrx_word' id='word_1_53' title='bbox 349 985 436 1052; x_wconf 75' lang='grc'><strong>2115</strong></span> <span class='ocrx_word' id='word_1_54' title='bbox 457 985 548 1074; x_wconf 72' lang='lat' dir='ltr'><strong>sep),</strong></span> <span class='ocrx_word' id='word_1_55' title='bbox 569 986 646 1053; x_wconf 91' lang='lat' dir='ltr'><strong>item</strong></span> <span class='ocrx_word' id='word_1_56' title='bbox 667 986 702 1051; x_wconf 90' lang='lat' dir='ltr'><strong>in</strong></span> <span class='ocrx_word' id='word_1_57' title='bbox 724 985 906 1071; x_wconf 84' lang='lat' dir='ltr'><strong>Ancyrauis</strong></span> <span class='ocrx_word' id='word_1_58' title='bbox 929 983 1003 1070; x_wconf 85' lang='grc' dir='ltr'><strong>(ΠΙ,</strong></span> <span class='ocrx_word' id='word_1_59' title='bbox 1024 983 1113 1049; x_wconf 70' lang='lat' dir='ltr'><strong>douo</strong></span> <span class='ocrx_word' id='word_1_60' title='bbox 1134 988 1167 1048; x_wconf 90' lang='lat' dir='ltr'><strong>et</strong></span> <span class='ocrx_word' id='word_1_61' title='bbox 1189 981 1246 1068; x_wconf 81' lang='grc'><strong>16)</strong></span> <span class='ocrx_word' id='word_1_62' title='bbox 1268 981 1326 1048; x_wconf 90' lang='lat' dir='ltr'><strong>scd</strong></span> <span class='ocrx_word' id='word_1_63' title='bbox 1347 982 1536 1048; x_wconf 87' lang='lat' dir='ltr'><strong>recentibus</strong></span> <span class='ocrx_word' id='word_1_64' title='bbox 1563 981 1648 1044; x_wconf 70' lang='lat' dir='ltr'><strong>casu</strong></span> 
     </span>
     <span class='ocr_line' id='line_1_8' title="bbox 205 1091 652 1178; baseline 0.002 -23"><span class='ocrx_word' id='word_1_65' title='bbox 205 1093 275 1173; x_wconf 68' lang='lat' dir='ltr'><strong>nixa</strong></span> <span class='ocrx_word' id='word_1_66' title='bbox 295 1091 423 1178; x_wconf 79' lang='lat' dir='ltr'><strong>legitur.</strong></span> <span class='ocrx_word' id='word_1_67' title='bbox 648 1126 652 1134; x_wconf 89' lang='lat'><strong>·</strong></span> 
     </span>
    </p>
   </div>
   <div class='ocr_carea' id='block_1_3' title="bbox 715 1337 1025 1461">
    <p class='ocr_par' dir='ltr' id='par_1_3' title="bbox 715 1337 1025 1461">
     <span class='ocr_line' id='line_1_9' title="bbox 715 1337 1025 1461; baseline -0.029 -9"><span class='ocrx_word' id='word_1_68' title='bbox 715 1337 720 1344; x_wconf 24' lang='grc' dir='ltr'>Ι</span> <span class='ocrx_word' id='word_1_69' title='bbox 822 1373 904 1461; x_wconf 75' lang='lat' dir='ltr'><strong>cap.</strong></span> <span class='ocrx_word' id='word_1_70' title='bbox 924 1374 1025 1444; x_wconf 79' lang='lat' dir='ltr'>XIV.</span> 
     </span>
    </p>
   </div>
   <div class='ocr_carea' id='block_1_4' title="bbox 202 1563 1647 3534">
    <p class='ocr_par' dir='ltr' id='par_1_4' title="bbox 203 1563 1647 1866">
     <span class='ocr_line' id='line_1_10' title="bbox 292 1563 1647 1654; baseline -0.004 -20"><span class='ocrx_word' id='word_1_71' title='bbox 292 1567 397 1654; x_wconf 90' lang='lat' dir='ltr'><strong>Hujus</strong></span> <span class='ocrx_word' id='word_1_72' title='bbox 419 1566 553 1654; x_wconf 85' lang='lat' dir='ltr'><strong>capituli</strong></span> <span class='ocrx_word' id='word_1_73' title='bbox 570 1573 638 1633; x_wconf 88' lang='lat' dir='ltr'><strong>tam</strong></span> <span class='ocrx_word' id='word_1_74' title='bbox 659 1563 795 1631; x_wconf 90' lang='lat' dir='ltr'><strong>latinum</strong></span> <span class='ocrx_word' id='word_1_75' title='bbox 816 1585 913 1648; x_wconf 88' lang='lat' dir='ltr'><strong>quam</strong></span> <span class='ocrx_word' id='word_1_76' title='bbox 934 1585 1088 1650; x_wconf 84' lang='lat' dir='ltr'><strong>graecum</strong></span> <span class='ocrx_word' id='word_1_77' title='bbox 1109 1568 1290 1654; x_wconf 83' lang='lat' dir='ltr'><strong>exemplum</strong></span> <span class='ocrx_word' id='word_1_78' title='bbox 1307 1567 1391 1633; x_wconf 90' lang='lat' dir='ltr'><strong>labis</strong></span> <span class='ocrx_word' id='word_1_79' title='bbox 1413 1565 1481 1633; x_wconf 86' lang='lat' dir='ltr'><strong>fere</strong></span> <span class='ocrx_word' id='word_1_80' title='bbox 1506 1585 1647 1650; x_wconf 84' lang='lat' dir='ltr'><strong>expers:</strong></span> 
     </span>
     <span class='ocr_line' id='line_1_11' title="bbox 204 1661 1646 1768; baseline -0.006 -28"><span class='ocrx_word' id='word_1_81' title='bbox 204 1661 286 1740; x_wconf 89' lang='lat' dir='ltr'><strong>illud</strong></span> <span class='ocrx_word' id='word_1_82' title='bbox 306 1671 717 1768; x_wconf 68' lang='lat' dir='ltr'><strong>adnotandumdraecum</strong></span> <span class='ocrx_word' id='word_1_83' title='bbox 736 1669 943 1756; x_wconf 84' lang='lat' dir='ltr'><strong>interpretem</strong></span> <span class='ocrx_word' id='word_1_84' title='bbox 966 1669 1155 1760; x_wconf 71' lang='lat' dir='ltr'><strong>[telsippcrrv</strong></span> <span class='ocrx_word' id='word_1_85' title='bbox 1176 1674 1352 1760; x_wconf 91' lang='lat' dir='ltr'><strong>scripsisse,</strong></span> <span class='ocrx_word' id='word_1_86' title='bbox 1374 1691 1446 1738; x_wconf 91' lang='lat' dir='ltr'><strong>cum</strong></span> <span class='ocrx_word' id='word_1_87' title='bbox 1470 1672 1646 1754; x_wconf 76' lang='grc' dir='ltr'><em>τειμήσαν-</em></span> 
     </span>
     <span class='ocr_line' id='line_1_12' title="bbox 203 1775 1347 1866; baseline 0.003 -22"><span class='ocrx_word' id='word_1_88' title='bbox 203 1801 253 1854; x_wconf 76' lang='lat' dir='ltr'><strong>arr</strong></span> <span class='ocrx_word' id='word_1_89' title='bbox 273 1778 381 1866; x_wconf 92' lang='lat' dir='ltr'><strong>potius</strong></span> <span class='ocrx_word' id='word_1_90' title='bbox 401 1777 477 1844; x_wconf 91' lang='lat' dir='ltr'><strong>huic</strong></span> <span class='ocrx_word' id='word_1_91' title='bbox 498 1781 569 1846; x_wconf 88' lang='lat' dir='ltr'><strong>loca</strong></span> <span class='ocrx_word' id='word_1_92' title='bbox 592 1775 771 1844; x_wconf 83' lang='lat' dir='ltr'><strong>conveniat</strong></span> <span class='ocrx_word' id='word_1_93' title='bbox 1342 1839 1347 1848; x_wconf 93' lang='lat'>.</span> 
     </span>
    </p>

    <p class='ocr_par' dir='ltr' id='par_1_5' title="bbox 202 1879 1646 3231">
     <span class='ocr_line' id='line_1_13' title="bbox 292 1879 1645 1970; baseline -0.003 -20"><span class='ocrx_word' id='word_1_94' title='bbox 292 1883 374 1950; x_wconf 83' lang='lat' dir='ltr'><strong>Mihi</strong></span> <span class='ocrx_word' id='word_1_95' title='bbox 392 1885 667 1970; x_wconf 90' lang='lat' dir='ltr'><strong>supplementum,</strong></span> <span class='ocrx_word' id='word_1_96' title='bbox 700 1879 786 1966; x_wconf 88' lang='lat' dir='ltr'><strong>quod</strong></span> <span class='ocrx_word' id='word_1_97' title='bbox 807 1881 967 1968; x_wconf 88' lang='lat' dir='ltr'><strong>prioribus</strong></span> <span class='ocrx_word' id='word_1_98' title='bbox 989 1882 1112 1969; x_wconf 81' lang='lat' dir='ltr'><strong>placuit</strong></span> <span class='ocrx_word' id='word_1_99' title='bbox 1133 1884 1193 1970; x_wconf 90' lang='lat' dir='ltr'><strong>III,</strong></span> <span class='ocrx_word' id='word_1_100' title='bbox 1215 1886 1253 1950; x_wconf 89' lang='lat'><strong>3:</strong></span> <span class='ocrx_word' id='word_1_101' title='bbox 1283 1905 1324 1950; x_wconf 82' lang='lat' dir='ltr'><strong>ea</strong></span> <span class='ocrx_word' id='word_1_102' title='bbox 1346 1904 1381 1950; x_wconf 87' lang='lat' dir='ltr'><strong>eo</strong></span> <span class='ocrx_word' id='word_1_103' title='bbox 1404 1883 1467 1962; x_wconf 85' lang='lat' dir='ltr'><strong>die,</strong></span> <span class='ocrx_word' id='word_1_104' title='bbox 1497 1902 1570 1964; x_wconf 80' lang='lat' dir='ltr'><strong>quo</strong></span> <span class='ocrx_word' id='word_1_105' title='bbox 1595 1882 1645 1946; x_wconf 84' lang='lat' dir='ltr'><strong>rie·</strong></span> 
     </span>
     <span class='ocr_line' id='line_1_14' title="bbox 206 1985 1646 2079; baseline -0.006 -22"><span class='ocrx_word' id='word_1_106' title='bbox 206 1990 296 2058; x_wconf 79' lang='lat' dir='ltr'><strong>direti</strong></span> <span class='ocrx_word' id='word_1_107' title='bbox 318 1987 418 2079; x_wconf 84' lang='lat' dir='ltr'><strong>[s]urrt</strong></span> <span class='ocrx_word' id='word_1_108' title='bbox 437 1993 474 2056; x_wconf 89' lang='lat' dir='ltr'><strong>iu</strong></span> <span class='ocrx_word' id='word_1_109' title='bbox 491 1990 603 2072; x_wconf 81' lang='lat' dir='ltr'><strong>sorum</strong></span> <span class='ocrx_word' id='word_1_110' title='bbox 624 1985 797 2054; x_wconf 77' lang='lat' dir='ltr'><strong>admodum</strong></span> <span class='ocrx_word' id='word_1_111' title='bbox 827 1985 960 2052; x_wconf 88' lang='lat' dir='ltr'><strong>dubium</strong></span> <span class='ocrx_word' id='word_1_112' title='bbox 980 1987 1126 2074; x_wconf 86' lang='lat' dir='ltr'><strong>ridetur,</strong></span> <span class='ocrx_word' id='word_1_113' title='bbox 1160 2010 1237 2056; x_wconf 90' lang='lat' dir='ltr'><strong>nam</strong></span> <span class='ocrx_word' id='word_1_114' title='bbox 1258 2009 1299 2056; x_wconf 89' lang='lat' dir='ltr'><strong>ea</strong></span> <span class='ocrx_word' id='word_1_115' title='bbox 1323 1989 1424 2056; x_wconf 86' lang='lat' dir='ltr'><strong>rerba</strong></span> <span class='ocrx_word' id='word_1_116' title='bbox 1448 1987 1646 2072; x_wconf 84' lang='lat' dir='ltr'><strong>significant</strong></span> 
     </span>
     <span class='ocr_line' id='line_1_15' title="bbox 204 2091 1645 2184; baseline -0.003 -24"><span class='ocrx_word' id='word_1_117' title='bbox 204 2102 280 2184; x_wconf 88' lang='lat' dir='ltr'><strong>post</strong></span> <span class='ocrx_word' id='word_1_118' title='bbox 309 2093 532 2165; x_wconf 88' lang='lat' dir='ltr'><strong>deductionem</strong></span> <span class='ocrx_word' id='word_1_119' title='bbox 559 2094 595 2160; x_wconf 89' lang='lat' dir='ltr'><strong>in</strong></span> <span class='ocrx_word' id='word_1_120' title='bbox 616 2091 721 2160; x_wconf 83' lang='lat' dir='ltr'><strong>forum</strong></span> <span class='ocrx_word' id='word_1_121' title='bbox 750 2097 897 2158; x_wconf 86' lang='lat' dir='ltr'><strong>senatum</strong></span> <span class='ocrx_word' id='word_1_122' title='bbox 919 2091 1120 2180; x_wconf 85' lang='lat' dir='ltr'><strong>decrevisse,</strong></span> <span class='ocrx_word' id='word_1_123' title='bbox 1154 2101 1190 2160; x_wconf 90' lang='grc'><strong>111</strong></span> <span class='ocrx_word' id='word_1_124' title='bbox 1211 2095 1369 2160; x_wconf 67' lang='lat' dir='ltr'><strong>Caesam</strong></span> <span class='ocrx_word' id='word_1_125' title='bbox 1399 2093 1466 2159; x_wconf 89' lang='lat' dir='ltr'><strong>suis</strong></span> <span class='ocrx_word' id='word_1_126' title='bbox 1494 2092 1645 2158; x_wconf 89' lang='lat' dir='ltr'><strong>consiliis</strong></span> 
     </span>
     <span class='ocr_line' id='line_1_16' title="bbox 204 2197 1645 2288; baseline -0.006 -19"><span class='ocrx_word' id='word_1_127' title='bbox 204 2201 406 2286; x_wconf 82' lang='lat' dir='ltr'><strong>interessent,</strong></span> <span class='ocrx_word' id='word_1_128' title='bbox 426 2200 486 2268; x_wconf 90' lang='lat' dir='ltr'><strong>sed</strong></span> <span class='ocrx_word' id='word_1_129' title='bbox 507 2199 661 2268; x_wconf 88' lang='lat' dir='ltr'><strong>orationis</strong></span> <span class='ocrx_word' id='word_1_130' title='bbox 691 2197 901 2264; x_wconf 80' lang='lat' dir='ltr'><strong>conformatio</strong></span> <span class='ocrx_word' id='word_1_131' title='bbox 922 2197 1043 2264; x_wconf 91' lang='lat' dir='ltr'><strong>indicio</strong></span> <span class='ocrx_word' id='word_1_132' title='bbox 1065 2206 1130 2286; x_wconf 87' lang='lat' dir='ltr'><strong>cst,</strong></span> <span class='ocrx_word' id='word_1_133' title='bbox 1150 2201 1246 2267; x_wconf 90' lang='lat' dir='ltr'><strong>simul</strong></span> <span class='ocrx_word' id='word_1_134' title='bbox 1267 2207 1364 2284; x_wconf 82' lang='lat' dir='ltr'><strong>atquo</strong></span> <span class='ocrx_word' id='word_1_135' title='bbox 1393 2197 1509 2288; x_wconf 87' lang='lat' dir='ltr'><strong>cadem</strong></span> <span class='ocrx_word' id='word_1_136' title='bbox 1547 2216 1645 2281; x_wconf 87' lang='lat' dir='ltr'><strong>opera</strong></span> 
     </span>
     <span class='ocr_line' id='line_1_17' title="bbox 205 2301 1645 2392; baseline -0.005 -19"><span class='ocrx_word' id='word_1_137' title='bbox 205 2311 353 2374; x_wconf 85' lang='lat' dir='ltr'><strong>senatum</strong></span> <span class='ocrx_word' id='word_1_138' title='bbox 381 2304 579 2391; x_wconf 84' lang='lat' dir='ltr'><strong>decrevisse,</strong></span> <span class='ocrx_word' id='word_1_139' title='bbox 607 2309 644 2369; x_wconf 90' lang='lat' dir='ltr'><strong>nt</strong></span> <span class='ocrx_word' id='word_1_140' title='bbox 673 2303 820 2370; x_wconf 88' lang='lat' dir='ltr'><strong>consules</strong></span> <span class='ocrx_word' id='word_1_141' title='bbox 849 2301 1095 2387; x_wconf 78' lang='lat' dir='ltr'><strong>designarentur</strong></span> <span class='ocrx_word' id='word_1_142' title='bbox 1116 2310 1148 2371; x_wconf 89' lang='lat' dir='ltr'><strong>et</strong></span> <span class='ocrx_word' id='word_1_143' title='bbox 1170 2305 1350 2392; x_wconf 86' lang='lat' dir='ltr'><strong>senatorius</strong></span> <span class='ocrx_word' id='word_1_144' title='bbox 1370 2303 1459 2369; x_wconf 90' lang='lat' dir='ltr'><strong>locus</strong></span> <span class='ocrx_word' id='word_1_145' title='bbox 1482 2302 1528 2368; x_wconf 90' lang='lat' dir='ltr'><strong>iis</strong></span> <span class='ocrx_word' id='word_1_146' title='bbox 1555 2303 1645 2367; x_wconf 85' lang='lat' dir='ltr'><strong>dare-</strong></span> 
     </span>
     <span class='ocr_line' id='line_1_18' title="bbox 205 2405 1645 2496; baseline -0.005 -18"><span class='ocrx_word' id='word_1_147' title='bbox 205 2415 267 2478; x_wconf 88' lang='lat' dir='ltr'><strong>tur.</strong></span> <span class='ocrx_word' id='word_1_148' title='bbox 308 2409 408 2495; x_wconf 88' lang='lat' dir='ltr'><strong>Atqui</strong></span> <span class='ocrx_word' id='word_1_149' title='bbox 430 2408 576 2478; x_wconf 87' lang='lat' dir='ltr'><strong>consules</strong></span> <span class='ocrx_word' id='word_1_150' title='bbox 599 2405 761 2492; x_wconf 80' lang='lat' dir='ltr'><strong>designati</strong></span> <span class='ocrx_word' id='word_1_151' title='bbox 791 2414 866 2474; x_wconf 89' lang='lat' dir='ltr'><strong>sunt</strong></span> <span class='ocrx_word' id='word_1_152' title='bbox 887 2407 990 2494; x_wconf 82' lang='lat' dir='ltr'><strong>Gajus</strong></span> <span class='ocrx_word' id='word_1_153' title='bbox 1011 2429 1041 2474; x_wconf 84' lang='lat' dir='ltr'><strong>a</strong></span> <span class='ocrx_word' id='word_1_154' title='bbox 1065 2410 1139 2496; x_wconf 81' lang='lat'><strong>748,</strong></span> <span class='ocrx_word' id='word_1_155' title='bbox 1171 2409 1289 2476; x_wconf 88' lang='lat' dir='ltr'><strong>Lucius</strong></span> <span class='ocrx_word' id='word_1_156' title='bbox 1311 2431 1341 2475; x_wconf 85' lang='lat' dir='ltr'><strong>a</strong></span> <span class='ocrx_word' id='word_1_157' title='bbox 1361 2408 1435 2493; x_wconf 72' lang='lat'><strong>751,</strong></span> <span class='ocrx_word' id='word_1_158' title='bbox 1467 2406 1503 2472; x_wconf 92' lang='lat' dir='ltr'><strong>in</strong></span> <span class='ocrx_word' id='word_1_159' title='bbox 1538 2406 1645 2473; x_wconf 80' lang='lat' dir='ltr'><strong>iorum</strong></span> 
     </span>
     <span class='ocr_line' id='line_1_19' title="bbox 206 2512 1644 2602; baseline -0.003 -20"><span class='ocrx_word' id='word_1_160' title='bbox 206 2513 338 2584; x_wconf 83' lang='lat' dir='ltr'><strong>deducti</strong></span> <span class='ocrx_word' id='word_1_161' title='bbox 360 2515 463 2602; x_wconf 82' lang='lat' dir='ltr'><strong>Gajus</strong></span> <span class='ocrx_word' id='word_1_162' title='bbox 484 2536 515 2582; x_wconf 89' lang='lat' dir='ltr'><strong>a.</strong></span> <span class='ocrx_word' id='word_1_163' title='bbox 530 2515 604 2600; x_wconf 78' lang='grc'><strong>149,</strong></span> <span class='ocrx_word' id='word_1_164' title='bbox 626 2514 745 2580; x_wconf 88' lang='lat' dir='ltr'><strong>Lucius</strong></span> <span class='ocrx_word' id='word_1_165' title='bbox 768 2534 798 2580; x_wconf 87' lang='lat' dir='ltr'><strong>a.</strong></span> <span class='ocrx_word' id='word_1_166' title='bbox 821 2514 896 2599; x_wconf 79' lang='lat'><strong>752,</strong></span> <span class='ocrx_word' id='word_1_167' title='bbox 918 2512 1039 2580; x_wconf 90' lang='lat' dir='ltr'><strong>decreti</strong></span> <span class='ocrx_word' id='word_1_168' title='bbox 1059 2514 1159 2600; x_wconf 85' lang='lat' dir='ltr'><strong>igitur</strong></span> <span class='ocrx_word' id='word_1_169' title='bbox 1181 2521 1255 2582; x_wconf 87' lang='lat' dir='ltr'><strong>sunt</strong></span> <span class='ocrx_word' id='word_1_170' title='bbox 1275 2515 1423 2598; x_wconf 85' lang='lat' dir='ltr'><strong>bonores,</strong></span> <span class='ocrx_word' id='word_1_171' title='bbox 1445 2519 1525 2579; x_wconf 81' lang='lat' dir='ltr'><strong>ante</strong></span> <span class='ocrx_word' id='word_1_172' title='bbox 1547 2533 1644 2596; x_wconf 89' lang='lat' dir='ltr'><strong>quan</strong></span> 
     </span>
     <span class='ocr_line' id='line_1_20' title="bbox 204 2617 1643 2706; baseline -0.006 -16"><span class='ocrx_word' id='word_1_173' title='bbox 204 2626 318 2706; x_wconf 75' lang='lat' dir='ltr'><strong>togam</strong></span> <span class='ocrx_word' id='word_1_174' title='bbox 337 2621 464 2688; x_wconf 81' lang='lat' dir='ltr'><strong>virilem</strong></span> <span class='ocrx_word' id='word_1_175' title='bbox 486 2626 648 2706; x_wconf 87' lang='lat' dir='ltr'><strong>ceperunt,</strong></span> <span class='ocrx_word' id='word_1_176' title='bbox 669 2619 744 2685; x_wconf 90' lang='lat' dir='ltr'><strong>hinc</strong></span> <span class='ocrx_word' id='word_1_177' title='bbox 766 2619 869 2684; x_wconf 82' lang='lat' dir='ltr'><strong>Tacit</strong></span> <span class='ocrx_word' id='word_1_178' title='bbox 889 2619 973 2685; x_wconf 84' lang='lat' dir='ltr'><strong>Anu.</strong></span> <span class='ocrx_word' id='word_1_179' title='bbox 995 2620 1021 2704; x_wconf 84' lang='lat'><strong>1,</strong></span> <span class='ocrx_word' id='word_1_180' title='bbox 1040 2620 1073 2685; x_wconf 88' lang='lat'><strong>3:</strong></span> <span class='ocrx_word' id='word_1_181' title='bbox 1107 2641 1184 2686; x_wconf 85' lang='lat' dir='ltr'><strong>uam</strong></span> <span class='ocrx_word' id='word_1_182' title='bbox 1203 2619 1493 2706; x_wconf 80' lang='lat' dir='ltr'><strong>penitoaAprippa</strong></span> <span class='ocrx_word' id='word_1_183' title='bbox 1522 2617 1643 2684; x_wconf 83' lang='lat' dir='ltr'><strong>Gaia-u</strong></span> 
     </span>
     <span class='ocr_line' id='line_1_21' title="bbox 204 2724 1643 2808; baseline -0.004 -14"><span class='ocrx_word' id='word_1_184' title='bbox 204 2732 236 2794; x_wconf 81' lang='lat' dir='ltr'><strong>ei</strong></span> <span class='ocrx_word' id='word_1_185' title='bbox 257 2727 396 2796; x_wconf 67' lang='lat' dir='ltr'><strong>uuum</strong></span> <span class='ocrx_word' id='word_1_186' title='bbox 417 2728 453 2794; x_wconf 87' lang='lat' dir='ltr'><strong>iu</strong></span> <span class='ocrx_word' id='word_1_187' title='bbox 472 2728 635 2808; x_wconf 83' lang='lat' dir='ltr'><strong>familiam</strong></span> <span class='ocrx_word' id='word_1_188' title='bbox 650 2725 825 2792; x_wconf 77' lang='lat' dir='ltr'><strong>Caesarum</strong></span> <span class='ocrx_word' id='word_1_189' title='bbox 840 2725 1023 2803; x_wconf 76' lang='lat' dir='ltr'><strong>induxerat,</strong></span> <span class='ocrx_word' id='word_1_190' title='bbox 1044 2726 1178 2792; x_wconf 81' lang='lat' dir='ltr'><strong>necdum</strong></span> <span class='ocrx_word' id='word_1_191' title='bbox 1198 2727 1306 2808; x_wconf 78' lang='lat' dir='ltr'><strong>posita</strong></span> <span class='ocrx_word' id='word_1_192' title='bbox 1317 2724 1442 2808; x_wconf 85' lang='lat' dir='ltr'><strong>puerili</strong></span> <span class='ocrx_word' id='word_1_193' title='bbox 1459 2729 1643 2806; x_wconf 74' lang='lat' dir='ltr'><strong>praetexta</strong></span> 
     </span>
     <span class='ocr_line' id='line_1_22' title="bbox 202 2809 1643 2916; baseline -0.003 -18"><span class='ocrx_word' id='word_1_194' title='bbox 202 2831 371 2916; x_wconf 70' lang='lat' dir='ltr'><strong>principes</strong></span> <span class='ocrx_word' id='word_1_195' title='bbox 392 2831 573 2914; x_wconf 56' lang='lat' dir='ltr'><strong>juveutute</strong></span> <span class='ocrx_word' id='word_1_196' title='bbox 595 2830 768 2912; x_wconf 84' lang='lat' dir='ltr'><strong>appellari,</strong></span> <span class='ocrx_word' id='word_1_197' title='bbox 798 2829 956 2895; x_wconf 79' lang='lat' dir='ltr'><strong>destinari</strong></span> <span class='ocrx_word' id='word_1_198' title='bbox 984 2831 1128 2896; x_wconf 70' lang='lat' dir='ltr'><strong>cumules</strong></span> <span class='ocrx_word' id='word_1_199' title='bbox 1157 2832 1261 2914; x_wconf 80' lang='lat' dir='ltr'><strong>speeie</strong></span> <span class='ocrx_word' id='word_1_200' title='bbox 1289 2809 1472 2896; x_wconf 79' lang='lat' dir='ltr'><strong>recusantis</strong></span> <span class='ocrx_word' id='word_1_201' title='bbox 1491 2829 1643 2911; x_wconf 82' lang='lat' dir='ltr'><strong>flaprau·</strong></span> 
     </span>
     <span class='ocr_line' id='line_1_23' title="bbox 207 2933 1644 3023; baseline -0.007 -16"><span class='ocrx_word' id='word_1_202' title='bbox 207 2936 328 3007; x_wconf 65' lang='lat' dir='ltr'><strong>iusime</strong></span> <span class='ocrx_word' id='word_1_203' title='bbox 350 2937 537 3023; x_wconf 79' lang='lat' dir='ltr'><strong>cupiverat,</strong></span> <span class='ocrx_word' id='word_1_204' title='bbox 571 2934 612 3000; x_wconf 86' lang='lat' dir='ltr'><strong>cf.</strong></span> <span class='ocrx_word' id='word_1_205' title='bbox 634 2954 717 3020; x_wconf 89' lang='lat' dir='ltr'><strong>quae</strong></span> <span class='ocrx_word' id='word_1_206' title='bbox 738 2934 953 3000; x_wconf 86' lang='lat' dir='ltr'><strong>Mommsenns</strong></span> <span class='ocrx_word' id='word_1_207' title='bbox 983 2954 1023 2999; x_wconf 91' lang='lat' dir='ltr'><strong>ea</strong></span> <span class='ocrx_word' id='word_1_208' title='bbox 1053 2933 1093 3000; x_wconf 90' lang='lat' dir='ltr'><strong>de</strong></span> <span class='ocrx_word' id='word_1_209' title='bbox 1121 2954 1157 3000; x_wconf 90' lang='lat' dir='ltr'><strong>re</strong></span> <span class='ocrx_word' id='word_1_210' title='bbox 1187 2935 1342 3019; x_wconf 84' lang='lat' dir='ltr'><strong>exposuit.</strong></span> <span class='ocrx_word' id='word_1_211' title='bbox 1386 2934 1500 3017; x_wconf 88' lang='lat' dir='ltr'><strong>ltaque</strong></span> <span class='ocrx_word' id='word_1_212' title='bbox 1524 2933 1644 3019; x_wconf 88' lang='lat' dir='ltr'><strong>scripsi</strong></span> 
     </span>
     <span class='ocr_line' id='line_1_24' title="bbox 207 3021 1643 3130; baseline -0.004 -22"><span class='ocrx_word' id='word_1_213' title='bbox 207 3041 334 3108; x_wconf 81' lang='lat' dir='ltr'><strong>deducti</strong></span> <span class='ocrx_word' id='word_1_214' title='bbox 356 3036 515 3130; x_wconf 86' lang='lat' dir='ltr'><strong>[er]uut</strong></span> <span class='ocrx_word' id='word_1_215' title='bbox 537 3038 614 3126; x_wconf 90' lang='lat' dir='ltr'><strong>(quo</strong></span> <span class='ocrx_word' id='word_1_216' title='bbox 636 3021 734 3106; x_wconf 85' lang='lat' dir='ltr'><strong>etiam</strong></span> <span class='ocrx_word' id='word_1_217' title='bbox 756 3038 859 3104; x_wconf 88' lang='lat' dir='ltr'><strong>tendit</strong></span> <span class='ocrx_word' id='word_1_218' title='bbox 879 3039 974 3105; x_wconf 89' lang='lat' dir='ltr'><strong>lectio</strong></span> <span class='ocrx_word' id='word_1_219' title='bbox 996 3039 1085 3106; x_wconf 80' lang='lat' dir='ltr'><strong>Coss.</strong></span> <span class='ocrx_word' id='word_1_220' title='bbox 1106 3039 1420 3124; x_wconf 79' lang='lat' dir='ltr'><strong>DEDVOERVNT,</strong></span> <span class='ocrx_word' id='word_1_221' title='bbox 1453 3059 1529 3104; x_wconf 90' lang='lat' dir='ltr'><strong>cum</strong></span> <span class='ocrx_word' id='word_1_222' title='bbox 1554 3038 1643 3124; x_wconf 89' lang='lat' dir='ltr'><strong>apud</strong></span> 
     </span>
     <span class='ocr_line' id='line_1_25' title="bbox 208 3142 1642 3231; baseline -0.004 -18"><span class='ocrx_word' id='word_1_223' title='bbox 208 3145 297 3213; x_wconf 87' lang='lat' dir='ltr'><strong>Perr.</strong></span> <span class='ocrx_word' id='word_1_224' title='bbox 317 3145 361 3213; x_wconf 90' lang='lat' dir='ltr'><strong>sit</strong></span> <span class='ocrx_word' id='word_1_225' title='bbox 380 3145 575 3212; x_wconf 81' lang='lat' dir='ltr'>DEDVOTI</span> <span class='ocrx_word' id='word_1_226' title='bbox 596 3144 724 3231; x_wconf 75' lang='lat' dir='ltr'><strong>fflNT),</strong></span> <span class='ocrx_word' id='word_1_227' title='bbox 747 3150 844 3228; x_wconf 87' lang='lat' dir='ltr'><strong>atque</strong></span> <span class='ocrx_word' id='word_1_228' title='bbox 865 3143 961 3211; x_wconf 86' lang='lat' dir='ltr'><strong>video</strong></span> <span class='ocrx_word' id='word_1_229' title='bbox 984 3164 1068 3209; x_wconf 91' lang='lat' dir='ltr'><strong>nunc</strong></span> <span class='ocrx_word' id='word_1_230' title='bbox 1090 3142 1176 3209; x_wconf 88' lang='lat' dir='ltr'><strong>idem</strong></span> <span class='ocrx_word' id='word_1_231' title='bbox 1194 3143 1265 3229; x_wconf 88' lang='lat' dir='ltr'><strong>jam</strong></span> <span class='ocrx_word' id='word_1_232' title='bbox 1280 3144 1442 3210; x_wconf 76' lang='lat' dir='ltr'><strong>Grouovio</strong></span> <span class='ocrx_word' id='word_1_233' title='bbox 1464 3144 1642 3229; x_wconf 84' lang='lat' dir='ltr'><strong>placuisse.</strong></span> 
     </span>
    </p>

    <p class='ocr_par' dir='ltr' id='par_1_6' title="bbox 204 3250 1641 3534">
     <span class='ocr_line' id='line_1_26' title="bbox 292 3250 1641 3338; baseline 0 -20"><span class='ocrx_word' id='word_1_234' title='bbox 292 3253 428 3319; x_wconf 88' lang='lat' dir='ltr'><strong>Parmas</strong></span> <span class='ocrx_word' id='word_1_235' title='bbox 451 3257 483 3318; x_wconf 91' lang='lat' dir='ltr'><strong>et</strong></span> <span class='ocrx_word' id='word_1_236' title='bbox 503 3251 625 3338; x_wconf 86' lang='lat' dir='ltr'><strong>hastas,</strong></span> <span class='ocrx_word' id='word_1_237' title='bbox 647 3271 728 3335; x_wconf 87' lang='lat' dir='ltr'><strong>quas</strong></span> <span class='ocrx_word' id='word_1_238' title='bbox 746 3251 911 3334; x_wconf 84' lang='lat' dir='ltr'><strong>Augustus</strong></span> <span class='ocrx_word' id='word_1_239' title='bbox 934 3256 1106 3333; x_wconf 83' lang='lat' dir='ltr'><strong>argenteas</strong></span> <span class='ocrx_word' id='word_1_240' title='bbox 1128 3250 1227 3316; x_wconf 79' lang='grc'><strong>1111111</strong></span> <span class='ocrx_word' id='word_1_241' title='bbox 1249 3257 1402 3338; x_wconf 86' lang='lat' dir='ltr'><strong>testatur,</strong></span> <span class='ocrx_word' id='word_1_242' title='bbox 1424 3251 1534 3319; x_wconf 90' lang='lat' dir='ltr'><strong>minus</strong></span> <span class='ocrx_word' id='word_1_243' title='bbox 1556 3260 1641 3320; x_wconf 86' lang='lat' dir='ltr'><strong>reete</strong></span> 
     </span>
     <span class='ocr_line' id='line_1_27' title="bbox 206 3352 1641 3446; baseline 0 -20"><span class='ocrx_word' id='word_1_244' title='bbox 206 3356 271 3426; x_wconf 89' lang='lat' dir='ltr'><strong>Dio</strong></span> <span class='ocrx_word' id='word_1_245' title='bbox 293 3353 335 3425; x_wconf 75' lang='grc'><strong>(1</strong></span> <span class='ocrx_word' id='word_1_246' title='bbox 351 3353 418 3444; x_wconf 84' lang='lat' dir='ltr'><strong>LV,</strong></span> <span class='ocrx_word' id='word_1_247' title='bbox 441 3358 483 3424; x_wconf 79' lang='lat'><strong>12</strong></span> <span class='ocrx_word' id='word_1_248' title='bbox 505 3376 621 3426; x_wconf 89' lang='lat' dir='ltr'><strong>aureas</strong></span> <span class='ocrx_word' id='word_1_249' title='bbox 643 3353 795 3444; x_wconf 81' lang='lat' dir='ltr'><strong>appellat,</strong></span> <span class='ocrx_word' id='word_1_250' title='bbox 817 3353 953 3422; x_wconf 89' lang='lat' dir='ltr'><strong>narrans</strong></span> <span class='ocrx_word' id='word_1_251' title='bbox 976 3354 1135 3422; x_wconf 83' lang='lat' dir='ltr'><strong>defunctis</strong></span> <span class='ocrx_word' id='word_1_252' title='bbox 1158 3352 1352 3426; x_wconf 79' lang='lat' dir='ltr'><strong>Caesaribus</strong></span> <span class='ocrx_word' id='word_1_253' title='bbox 1376 3360 1411 3425; x_wconf 93' lang='lat' dir='ltr'><strong>in</strong></span> <span class='ocrx_word' id='word_1_254' title='bbox 1434 3359 1527 3426; x_wconf 88' lang='lat' dir='ltr'><strong>curia</strong></span> <span class='ocrx_word' id='word_1_255' title='bbox 1550 3380 1641 3446; x_wconf 92' lang='lat' dir='ltr'><strong>repo-</strong></span> 
     </span>
     <span class='ocr_line' id='line_1_28' title="bbox 204 3465 694 3534; baseline -0.018 0"><span class='ocrx_word' id='word_1_256' title='bbox 204 3465 286 3534; x_wconf 88' lang='lat' dir='ltr'><strong>sitas</strong></span> <span class='ocrx_word' id='word_1_257' title='bbox 307 3483 388 3534; x_wconf 87' lang='lat' dir='ltr'><strong>esse.</strong></span> <span class='ocrx_word' id='word_1_258' title='bbox 690 3481 694 3489; x_wconf 95' lang='lat'>·</span> 
     </span>
    </p>
   </div>
   <div class='ocr_carea' id='block_1_5' title="bbox 736 3701 1004 3810">
    <p class='ocr_par' dir='ltr' id='par_1_7' title="bbox 736 3701 1004 3810">
     <span class='ocr_line' id='line_1_29' title="bbox 736 3701 1004 3810; baseline -0.007 -17"><span class='ocrx_word' id='word_1_259' title='bbox 736 3701 742 3710; x_wconf 45' lang='lat'>⁵</span> <span class='ocrx_word' id='word_1_260' title='bbox 823 3719 904 3810; x_wconf 77' lang='lat' dir='ltr'><strong>cap.</strong></span> <span class='ocrx_word' id='word_1_261' title='bbox 925 3717 1004 3791; x_wconf 86' lang='lat' dir='ltr'><strong>XV.</strong></span> 
     </span>
    </p>
   </div>
   <div class='ocr_carea' id='block_1_6' title="bbox 203 3903 1666 4658">
    <p class='ocr_par' dir='ltr' id='par_1_8' title="bbox 203 3903 1666 4658">
     <span class='ocr_line' id='line_1_30' title="bbox 204 3903 1666 4017; baseline 0.003 -24"><span class='ocrx_word' id='word_1_262' title='bbox 204 3919 208 3928; x_wconf 79' lang='grc'>’</span> <span class='ocrx_word' id='word_1_263' title='bbox 294 3927 332 3995; x_wconf 87' lang='grc' dir='ltr'><strong>Ρ.</strong></span> <span class='ocrx_word' id='word_1_264' title='bbox 353 3928 413 4014; x_wconf 91' lang='grc' dir='ltr'><strong>ΠΙ,</strong></span> <span class='ocrx_word' id='word_1_265' title='bbox 436 3925 457 3993; x_wconf 90' lang='grc'>9</span> <span class='ocrx_word' id='word_1_266' title='bbox 480 3931 511 3993; x_wconf 90' lang='grc'><strong>11</strong></span> <span class='ocrx_word' id='word_1_267' title='bbox 534 3927 573 3992; x_wconf 79' lang='grc'><strong>17</strong></span> <span class='ocrx_word' id='word_1_268' title='bbox 598 3925 709 3993; x_wconf 86' lang='lat' dir='ltr'><strong>consui</strong></span> <span class='ocrx_word' id='word_1_269' title='bbox 730 3927 876 4010; x_wconf 73' lang='lat' dir='ltr'><strong>quiritum</strong></span> <span class='ocrx_word' id='word_1_270' title='bbox 907 3945 979 3991; x_wconf 91' lang='lat' dir='ltr'><strong>cum</strong></span> <span class='ocrx_word' id='word_1_271' title='bbox 1001 3926 1130 4013; x_wconf 89' lang='lat' dir='ltr'><strong>scripsit</strong></span> <span class='ocrx_word' id='word_1_272' title='bbox 1152 3927 1324 4014; x_wconf 82' lang='lat' dir='ltr'><strong>Augustus,</strong></span> <span class='ocrx_word' id='word_1_273' title='bbox 1354 3927 1509 3996; x_wconf 88' lang='lat' dir='ltr'><strong>Varronis</strong></span> <span class='ocrx_word' id='word_1_274' title='bbox 1534 3933 1639 4017; x_wconf 89' lang='lat' dir='ltr'><strong>sequi·</strong></span> <span class='ocrx_word' id='word_1_275' title='bbox 1663 3903 1666 4008; x_wconf 66' lang='lat' dir='ltr'><strong>l</strong></span> 
     </span>
     <span class='ocr_line' id='line_1_31' title="bbox 207 4032 1637 4122; baseline 0.004 -22"><span class='ocrx_word' id='word_1_276' title='bbox 207 4038 260 4100; x_wconf 89' lang='lat' dir='ltr'><strong>tur</strong></span> <span class='ocrx_word' id='word_1_277' title='bbox 277 4032 436 4119; x_wconf 88' lang='lat' dir='ltr'><strong>judicium</strong></span> <span class='ocrx_word' id='word_1_278' title='bbox 457 4032 506 4120; x_wconf 92' lang='lat' dir='ltr'><strong>(in</strong></span> <span class='ocrx_word' id='word_1_279' title='bbox 527 4033 608 4100; x_wconf 90' lang='lat' dir='ltr'><strong>libro</strong></span> <span class='ocrx_word' id='word_1_280' title='bbox 631 4033 871 4121; x_wconf 90' lang='lat' dir='ltr'><strong>disciplinarum</strong></span> <span class='ocrx_word' id='word_1_281' title='bbox 893 4032 922 4098; x_wconf 95' lang='lat' dir='ltr'>V</span> <span class='ocrx_word' id='word_1_282' title='bbox 945 4054 996 4119; x_wconf 90' lang='lat' dir='ltr'><strong>ap.</strong></span> <span class='ocrx_word' id='word_1_283' title='bbox 1019 4033 1099 4100; x_wconf 83' lang='lat' dir='ltr'><strong>Gall.</strong></span> <span class='ocrx_word' id='word_1_284' title='bbox 1124 4033 1163 4119; x_wconf 91' lang='lat' dir='ltr'><strong>X,</strong></span> <span class='ocrx_word' id='word_1_285' title='bbox 1187 4036 1216 4120; x_wconf 91' lang='lat'><strong>1,</strong></span> <span class='ocrx_word' id='word_1_286' title='bbox 1240 4034 1291 4121; x_wconf 82' lang='lat'><strong>6):</strong></span> <span class='ocrx_word' id='word_1_287' title='bbox 1324 4056 1462 4118; x_wconf 89' lang='lat' dir='ltr'><strong>namque</strong></span> <span class='ocrx_word' id='word_1_288' title='bbox 1485 4037 1553 4122; x_wconf 87' lang='lat' dir='ltr'><strong>ipsi</strong></span> <span class='ocrx_word' id='word_1_289' title='bbox 1577 4041 1637 4106; x_wconf 88' lang='lat' dir='ltr'><strong>Ro-</strong></span> 
     </span>
     <span class='ocr_line' id='line_1_32' title="bbox 205 4139 1636 4223; baseline 0.002 -16"><span class='ocrx_word' id='word_1_290' title='bbox 205 4139 297 4207; x_wconf 86' lang='lat' dir='ltr'><strong>mani</strong></span> <span class='ocrx_word' id='word_1_291' title='bbox 317 4140 543 4223; x_wconf 82' lang='lat' dir='ltr'><strong>ambigebant,</strong></span> <span class='ocrx_word' id='word_1_292' title='bbox 576 4145 681 4205; x_wconf 87' lang='lat' dir='ltr'><strong>utrum</strong></span> <span class='ocrx_word' id='word_1_293' title='bbox 703 4140 814 4206; x_wconf 81' lang='lat' dir='ltr'><strong>conarri</strong></span> <span class='ocrx_word' id='word_1_294' title='bbox 835 4139 927 4204; x_wconf 85' lang='lat' dir='ltr'><strong>tertio</strong></span> <span class='ocrx_word' id='word_1_295' title='bbox 951 4159 994 4203; x_wconf 90' lang='lat' dir='ltr'><strong>an</strong></span> <span class='ocrx_word' id='word_1_296' title='bbox 1016 4140 1126 4204; x_wconf 80' lang='lat' dir='ltr'><strong>consul</strong></span> <span class='ocrx_word' id='word_1_297' title='bbox 1156 4141 1284 4204; x_wconf 83' lang='lat' dir='ltr'><strong>tertium</strong></span> <span class='ocrx_word' id='word_1_298' title='bbox 1313 4141 1471 4208; x_wconf 88' lang='lat' dir='ltr'><strong>rationem</strong></span> <span class='ocrx_word' id='word_1_299' title='bbox 1491 4141 1636 4210; x_wconf 88' lang='lat' dir='ltr'><strong>baberet</strong></span> 
     </span>
     <span class='ocr_line' id='line_1_33' title="bbox 205 4244 1635 4331; baseline 0.006 -21"><span class='ocrx_word' id='word_1_300' title='bbox 205 4245 380 4331; x_wconf 82' lang='lat' dir='ltr'><strong>Pompejus</strong></span> <span class='ocrx_word' id='word_1_301' title='bbox 400 4247 436 4312; x_wconf 92' lang='lat' dir='ltr'><strong>in</strong></span> <span class='ocrx_word' id='word_1_302' title='bbox 458 4244 621 4312; x_wconf 89' lang='lat' dir='ltr'><strong>doctorum</strong></span> <span class='ocrx_word' id='word_1_303' title='bbox 642 4248 806 4312; x_wconf 92' lang='lat' dir='ltr'><strong>hominum</strong></span> <span class='ocrx_word' id='word_1_304' title='bbox 837 4246 1036 4312; x_wconf 88' lang='lat' dir='ltr'><strong>dissensione</strong></span> <span class='ocrx_word' id='word_1_305' title='bbox 1064 4247 1297 4314; x_wconf 88' lang='lat' dir='ltr'><strong>timidiusculus</strong></span> <span class='ocrx_word' id='word_1_306' title='bbox 1322 4248 1475 4315; x_wconf 76' lang='lat' dir='ltr'><strong>Cicerone</strong></span> <span class='ocrx_word' id='word_1_307' title='bbox 1503 4260 1635 4319; x_wconf 88' lang='lat' dir='ltr'><strong>auctore</strong></span> 
     </span>
     <span class='ocr_line' id='line_1_34' title="bbox 205 4349 1634 4441; baseline 0.007 -27"><span class='ocrx_word' id='word_1_308' title='bbox 205 4349 881 4438; x_wconf 54' lang='grc'><strong>1111111111001181111111111111111,</strong></span> <span class='ocrx_word' id='word_1_309' title='bbox 914 4359 1021 4438; x_wconf 88' lang='lat' dir='ltr'><strong>spreta</strong></span> <span class='ocrx_word' id='word_1_310' title='bbox 1044 4353 1198 4419; x_wconf 89' lang='lat' dir='ltr'><strong>Varronis</strong></span> <span class='ocrx_word' id='word_1_311' title='bbox 1227 4354 1434 4440; x_wconf 86' lang='lat' dir='ltr'><strong>auctoritate,</strong></span> <span class='ocrx_word' id='word_1_312' title='bbox 1467 4355 1511 4420; x_wconf 91' lang='lat' dir='ltr'><strong>ad</strong></span> <span class='ocrx_word' id='word_1_313' title='bbox 1543 4379 1634 4441; x_wconf 91' lang='lat' dir='ltr'><strong>quem</strong></span> 
     </span>
     <span class='ocr_line' id='line_1_35' title="bbox 205 4453 1666 4546; baseline 0.004 -28"><span class='ocrx_word' id='word_1_314' title='bbox 205 4453 297 4520; x_wconf 89' lang='lat' dir='ltr'><strong>haud</strong></span> <span class='ocrx_word' id='word_1_315' title='bbox 320 4453 416 4522; x_wconf 92' lang='lat' dir='ltr'><strong>dubie</strong></span> <span class='ocrx_word' id='word_1_316' title='bbox 438 4461 566 4542; x_wconf 89' lang='lat' dir='ltr'><strong>praeter</strong></span> <span class='ocrx_word' id='word_1_317' title='bbox 593 4465 714 4525; x_wconf 90' lang='lat' dir='ltr'><strong>ceteros</strong></span> <span class='ocrx_word' id='word_1_318' title='bbox 744 4477 815 4523; x_wconf 90' lang='lat' dir='ltr'><strong>eam</strong></span> <span class='ocrx_word' id='word_1_319' title='bbox 837 4457 1057 4541; x_wconf 87' lang='lat' dir='ltr'><strong>quaestionem</strong></span> <span class='ocrx_word' id='word_1_320' title='bbox 1078 4457 1253 4523; x_wconf 88' lang='lat' dir='ltr'><strong>rettulerat.</strong></span> <span class='ocrx_word' id='word_1_321' title='bbox 1295 4459 1412 4524; x_wconf 90' lang='lat' dir='ltr'><strong>Postea</strong></span> <span class='ocrx_word' id='word_1_322' title='bbox 1434 4481 1530 4546; x_wconf 90' lang='lat' dir='ltr'><strong>vero,</strong></span> <span class='ocrx_word' id='word_1_323' title='bbox 1566 4485 1635 4528; x_wconf 89' lang='lat' dir='ltr'><strong>cum</strong></span> <span class='ocrx_word' id='word_1_324' title='bbox 1665 4515 1666 4524; x_wconf 73' lang='grc'><strong>,</strong></span> 
     </span>
     <span class='ocr_line' id='line_1_36' title="bbox 203 4558 1634 4658; baseline 0.008 -33"><span class='ocrx_word' id='word_1_325' title='bbox 203 4558 366 4640; x_wconf 87' lang='lat' dir='ltr'><strong>theatrum</strong></span> <span class='ocrx_word' id='word_1_326' title='bbox 387 4559 533 4630; x_wconf 89' lang='lat' dir='ltr'><strong>incendio</strong></span> <span class='ocrx_word' id='word_1_327' title='bbox 556 4564 737 4630; x_wconf 87' lang='lat' dir='ltr'><strong>absumtum</strong></span> <span class='ocrx_word' id='word_1_328' title='bbox 758 4569 859 4648; x_wconf 85' lang='lat' dir='ltr'><strong>esset,</strong></span> <span class='ocrx_word' id='word_1_329' title='bbox 891 4561 1001 4628; x_wconf 89' lang='lat' dir='ltr'><strong>titulus</strong></span> <span class='ocrx_word' id='word_1_330' title='bbox 1023 4561 1058 4626; x_wconf 92' lang='lat' dir='ltr'><strong>in</strong></span> <span class='ocrx_word' id='word_1_331' title='bbox 1080 4561 1165 4628; x_wconf 91' lang='lat' dir='ltr'><strong>bunc</strong></span> <span class='ocrx_word' id='word_1_332' title='bbox 1193 4561 1323 4630; x_wconf 89' lang='lat' dir='ltr'><strong>modum</strong></span> <span class='ocrx_word' id='word_1_333' title='bbox 1351 4565 1515 4658; x_wconf 81' lang='lat' dir='ltr'><strong>restitutus</strong></span> <span class='ocrx_word' id='word_1_334' title='bbox 1537 4565 1634 4636; x_wconf 81' lang='lat' dir='ltr'>CON-</span> 
     </span>
    </p>
   </div>
   <div class='ocr_carea' id='block_1_7' title="bbox 215 4731 500 4750">
    <p class='ocr_par' dir='ltr' id='par_1_9' title="bbox 215 4731 500 4750">
     <span class='ocr_line' id='line_1_37' title="bbox 215 4731 500 4750; baseline -0.004 -4"><span class='ocrx_word' id='word_1_335' title='bbox 215 4731 500 4750; x_wconf 53' lang='lat' dir='ltr'>m</span> 
     </span>
    </p>
   </div>
   <div class='ocr_carea' id='block_1_8' title="bbox 202 4823 1635 5112">
    <p class='ocr_par' dir='ltr' id='par_1_10' title="bbox 202 4823 1635 5112">
     <span class='ocr_line' id='line_1_38' title="bbox 203 4823 1635 4914; baseline 0.006 -23"><span class='ocrx_word' id='word_1_336' title='bbox 203 4833 255 4891; x_wconf 85' lang='lat' dir='ltr'><strong>tur</strong></span> <span class='ocrx_word' id='word_1_337' title='bbox 268 4823 397 4906; x_wconf 66' lang='lat' dir='ltr'><strong>Tacitus,</strong></span> <span class='ocrx_word' id='word_1_338' title='bbox 417 4835 567 4896; x_wconf 85' lang='lat' dir='ltr'><strong>Suetonius</strong></span> <span class='ocrx_word' id='word_1_339' title='bbox 585 4837 693 4910; x_wconf 86' lang='lat' dir='ltr'><strong>aliique</strong></span> <span class='ocrx_word' id='word_1_340' title='bbox 711 4837 770 4912; x_wconf 86' lang='lat' dir='ltr'><strong>ejus</strong></span> <span class='ocrx_word' id='word_1_341' title='bbox 789 4837 895 4898; x_wconf 87' lang='lat' dir='ltr'><strong>saeculi</strong></span> <span class='ocrx_word' id='word_1_342' title='bbox 913 4835 1072 4911; x_wconf 82' lang='lat' dir='ltr'><strong>scriptores,</strong></span> <span class='ocrx_word' id='word_1_343' title='bbox 1104 4855 1222 4910; x_wconf 87' lang='lat' dir='ltr'><strong>eamque</strong></span> <span class='ocrx_word' id='word_1_344' title='bbox 1240 4835 1328 4897; x_wconf 84' lang='lat' dir='ltr'><strong>etiam</strong></span> <span class='ocrx_word' id='word_1_345' title='bbox 1348 4835 1540 4914; x_wconf 82' lang='lat' dir='ltr'><strong>grammatici,</strong></span> <span class='ocrx_word' id='word_1_346' title='bbox 1558 4844 1635 4900; x_wconf 83' lang='lat' dir='ltr'><strong>velut</strong></span> 
     </span>
     <span class='ocr_line' id='line_1_39' title="bbox 202 4922 1635 5005; baseline 0.006 -23"><span class='ocrx_word' id='word_1_347' title='bbox 202 4922 353 5002; x_wconf 42' lang='lat' dir='ltr'><strong>,ommim</strong></span> <span class='ocrx_word' id='word_1_348' title='bbox 371 4929 406 4988; x_wconf 74' lang='lat' dir='ltr'><strong>et,</strong></span> <span class='ocrx_word' id='word_1_349' title='bbox 418 4926 578 4984; x_wconf 89' lang='lat' dir='ltr'><strong>Priscianus</strong></span> <span class='ocrx_word' id='word_1_350' title='bbox 595 4929 797 4996; x_wconf 85' lang='lat' dir='ltr'><strong>testificantur;</strong></span> <span class='ocrx_word' id='word_1_351' title='bbox 826 4930 896 4986; x_wconf 83' lang='lat' dir='ltr'><strong>item</strong></span> <span class='ocrx_word' id='word_1_352' title='bbox 914 4929 945 4985; x_wconf 90' lang='lat' dir='ltr'><strong>in</strong></span> <span class='ocrx_word' id='word_1_353' title='bbox 963 4930 1072 4997; x_wconf 84' lang='lat' dir='ltr'><strong>titulis,</strong></span> <span class='ocrx_word' id='word_1_354' title='bbox 1098 4932 1132 4985; x_wconf 85' lang='lat' dir='ltr'><strong>ut</strong></span> <span class='ocrx_word' id='word_1_355' title='bbox 1155 4931 1187 4986; x_wconf 90' lang='lat' dir='ltr'><strong>in</strong></span> <span class='ocrx_word' id='word_1_356' title='bbox 1204 4931 1303 4987; x_wconf 90' lang='lat' dir='ltr'><strong>Jahnii</strong></span> <span class='ocrx_word' id='word_1_357' title='bbox 1322 4931 1413 5005; x_wconf 86' lang='lat' dir='ltr'><strong>spicil.</strong></span> <span class='ocrx_word' id='word_1_358' title='bbox 1432 4951 1460 5004; x_wconf 85' lang='lat' dir='ltr'><strong>p.</strong></span> <span class='ocrx_word' id='word_1_359' title='bbox 1482 4931 1535 4988; x_wconf 83' lang='lat'><strong>130</strong></span> <span class='ocrx_word' id='word_1_360' title='bbox 1555 4933 1635 4991; x_wconf 83' lang='lat' dir='ltr'>CLV·</span> 
     </span>
     <span class='ocr_line' id='line_1_40' title="bbox 205 5007 1320 5112; baseline 0.007 -42"><span class='ocrx_word' id='word_1_361' title='bbox 205 5007 277 5070; x_wconf 77' lang='grc' dir='ltr'><strong>ΒΔΕ</strong></span> <span class='ocrx_word' id='word_1_362' title='bbox 294 5013 341 5074; x_wconf 84' lang='lat' dir='ltr'><strong>rol</strong></span> <span class='ocrx_word' id='word_1_363' title='bbox 358 5016 455 5088; x_wconf 87' lang='lat' dir='ltr'><strong>potius</strong></span> <span class='ocrx_word' id='word_1_364' title='bbox 474 5016 610 5112; x_wconf 63' lang='lat' dir='ltr'><strong>QVSIT,</strong></span> <span class='ocrx_word' id='word_1_365' title='bbox 627 5017 658 5076; x_wconf 89' lang='lat' dir='ltr'><strong>in</strong></span> <span class='ocrx_word' id='word_1_366' title='bbox 675 5021 748 5078; x_wconf 87' lang='lat' dir='ltr'><strong>actis</strong></span> <span class='ocrx_word' id='word_1_367' title='bbox 764 5017 897 5080; x_wconf 84' lang='lat' dir='ltr'><strong>Fratrum</strong></span> <span class='ocrx_word' id='word_1_368' title='bbox 915 5019 1063 5078; x_wconf 80' lang='lat' dir='ltr'><strong>Arvalium</strong></span> <span class='ocrx_word' id='word_1_369' title='bbox 1082 5019 1188 5091; x_wconf 86' lang='lat' dir='ltr'><strong>passim</strong></span> <span class='ocrx_word' id='word_1_370' title='bbox 1205 5019 1320 5094; x_wconf 83' lang='lat' dir='ltr'><strong>legitur.</strong></span> 
     </span>
    </p>
   </div>
   <div class='ocr_carea' id='block_1_9' title="bbox 0 0 1682 5518">
    <p class='ocr_par' dir='ltr' id='par_1_11' title="bbox 0 0 1682 5518">
     <span class='ocr_line' id='line_1_41' title="bbox 0 0 1682 5518; baseline 0 3"><span class='ocrx_word' id='word_1_371' title='bbox 0 0 1682 5518; x_wconf 95' lang='lat' dir='ltr'><strong> </strong></span> 
     </span>
    </p>
   </div>
  </div>
 </body>
</html>
