3384 5510
884 284 937 354 48

195 459 360 546 Angustus
386 456 561 526 memoriae
593 455 743 544 prouidit,
777 457 947 526 dissentire
976 479 1042 526 non
1067 461 1154 526 reete
1176 454 1292 524 asserit
1312 454 1543 543 Mommsenus,
1580 449 1634 538 qui

198 585 249 633 res
265 564 432 650 diversas,
463 563 594 650 insuper
614 569 647 630 ct
666 563 738 630 loco
761 569 794 629 et
814 570 956 650 tempore
984 581 1113 650 prorsus
1142 561 1294 630 duemtas
1322 562 1503 630 contundit.
1549 560 1635 628 Cum

200 695 230 750 a
252 673 317 740 735
337 673 372 740 in
392 670 478 738 urbe
493 673 622 755 propter
655 667 785 734 comitia
814 667 998 736 consularia
1027 667 1180 734 tumultus
1211 687 1329 752 graves
1357 669 1436 736 moti
1457 671 1575 734 crosent
1600 683 1639 730 ac
1675 679 1676 738 l

200 798 357 846 nonarum
378 797 484 846 rerum
503 774 597 843 initia
619 771 819 858 deprehensa
837 779 954 858 essent,
976 777 1107 840 senatus
1128 772 1255 856 legatos
1276 772 1364 839 m'mit
1382 771 1640 856 adAugnstum,
1675 791 1676 796 ¹

201 884 256 968 qui
278 883 427 954 continuo
460 901 502 948 ex
523 879 574 950 his
594 879 674 964 ipris
703 879 821 963 legatis
843 879 1102 964 munerarium,
1140 877 1287 962 quumvis
1315 877 1392 945 olim
1422 877 1644 946 aduersarum

201 990 340 1075 partium
361 989 484 1072 fuisset,
508 983 673 1052 consulem
695 983 896 1068 designavit:
924 985 1073 1070 princeps
1104 983 1202 1051 etiam
1230 987 1298 1048 tum
1319 982 1429 1068 procul
1451 983 1577 1051 aberat
1602 981 1643 1046 ab

200 1092 455 1182 nrbepAthenis,
478 1095 514 1156 ut
534 1088 670 1174 videtur,
692 1087 791 1155 Asiae
814 1088 1017 1172 Orientisque
1038 1088 1135 1154 rebus
1158 1085 1313 1154 ordinatis
1335 1087 1497 1172 Sameque
1519 1087 1644 1153 relicta

201 1198 337 1264 Romam
352 1195 555 1264 contendeus.
584 1195 654 1260 Has
665 1211 717 1259 rou
735 1213 757 1258 a
774 1194 880 1260 Dione
897 1193 1060 1279 expositas
1071 1193 1235 1277 Augustus
1252 1214 1318 1262 non
1335 1193 1444 1277 attigit
1459 1193 1496 1259 in
1515 1191 1643 1276 indice,

201 1303 258 1370 nbi
275 1302 411 1369 honores
430 1300 493 1382 sibi
506 1298 630 1370 delatos
650 1304 823 1365 enumeret.
863 1299 979 1366 Statim
997 1305 1070 1384 post
1091 1298 1270 1383 legatorum
1287 1296 1558 1381 decessumque
1579 1297 1644 1361 Ro-

201 1404 472 1492 mamuontcndit,
495 1410 591 1488 utque
609 1404 665 1471 uhi
683 1402 861 1490 principem
874 1402 1051 1471 adventare
1068 1402 1249 1472 nuntiatum
1264 1408 1322 1488 est,
1342 1401 1471 1488 plurimi
1494 1401 1644 1469 honores

203 1511 324 1580 decreti
343 1517 426 1597 sunt,
448 1530 527 1598 quos
551 1508 732 1596 repudiavit
741 1509 905 1592 Augustus
927 1516 1055 1595 praeter
1076 1529 1167 1577 aram
1177 1509 1339 1578 Fortunae
1353 1507 1463 1578 reduci
1481 1506 1645 1575 dedican-
1675 1557 1676 1574 t

138 1691 139 1694 ,
205 1615 281 1687 dum
300 1621 335 1683 et
355 1614 582 1702 Augustalium
610 1613 866 1682 anniversariam
894 1612 1167 1701 solennitatem1).
1211 1614 1294 1680 Tum
1315 1613 1422 1700 pergit
1443 1613 1524 1682 Dio:
1571 1611 1645 1676 ἐπεὶ

203 1720 240 1803 di
266 1725 322 1791 cut
351 1721 394 1798 ὥς
421 1725 458 1786 ul
488 1742 518 1784 τε
547 1717 645 1802 α’ρχαὶ
674 1721 728 1784 ταὶ
756 1715 790 1784 ,σῖ
816 1717 910 1786 ἄλλοι
942 1720 1190 1802 προαπαντῆσαί
1219 1715 1252 1782 oi
1272 1718 1643 1805 προπαρτστενάσαντυ,

202 1825 325 1910 νύκτωρ
346 1825 379 1902 ἐς
400 1825 456 1910 τὴν
477 1821 574 1889 πόλιν
595 1823 796 1908 ἐσεκομίσθη,
829 1823 944 1911 quibus
976 1824 1083 1892 verbis
1106 1824 1270 1893 solennem
1290 1823 1445 1911 principis
1467 1821 1647 1896 salutatio

204 1951 280 2014 pem
300 1930 477 2018 descripsit,
500 1949 596 2014 quam
616 1928 782 2011 Augustus
804 1928 868 1994 sibi
888 1949 909 1994 a
930 1937 1045 2000 senatu
1068 1928 1229 1998 decretam
1251 1948 1322 1998 esse
1345 1935 1535 1998 auctorest
1580 1929 1646 1998 Ne·

205 2055 269 2120 quc
287 2035 371 2108 hacc
391 2034 505 2104 Dionis
527 2033 669 2102 narretio
692 2032 881 2104 adversatur
902 2034 1003 2120 ipsius
1025 2034 1179 2122 principis
1201 2033 1318 2120 verbis,
1349 2033 1404 2117 qui
1422 2053 1489 2102 nou
1509 2032 1647 2101 remisit

205 2141 291 2217 hano
311 2140 546 2224 salutationem,
567 2144 602 2208 ut
624 2139 707 2206 alios
720 2127 867 2224 honores,
888 2140 948 2210 sed
966 2139 1123 2208 devitavit
1139 2160 1202 2224 qna
1221 2146 1290 2208 erat
1305 2139 1462 2212 modestia
1479 2145 1648 2208 nocturno

106 2245 111 2254 '
205 2252 348 2331 tempore
371 2245 483 2312 urbem
500 2244 677 2330 ingressus.
722 2242 815 2324 Quod
835 2245 1000 2330 Augustus
1035 2242 1132 2329 dicit,
1166 2242 1322 2334 cJusmodi
1349 2241 1506 2312 honorem
1539 2249 1648 2314 antea

206 2349 329 2422 nemini
351 2348 511 2418 decretum
532 2368 618 2438 esse,
644 2347 771 2419 videtur
792 2369 831 2416 eo
853 2355 1016 2436 spectare,
1043 2347 1129 2432 qnod
1150 2348 1185 2416 in
1207 2348 1420 2436 Campaniam
1440 2345 1532 2418 missi
1560 2352 1648 2432 sunt,

207 2462 243 2523 nt
263 2455 441 2542 principem
462 2456 497 2521 in
518 2455 632 2522 itinero
654 2457 874 2541 opperirentur
896 2461 928 2522 et
948 2455 1135 2540 salutarent,
1165 2475 1242 2524 uam
1263 2454 1375 2524 urbem
1395 2451 1530 2524 intranti
1557 2451 1649 2520 sirni-

208 2561 249 2634 lis
271 2561 373 2630 honor
393 2561 539 2646 Angusto
558 2559 629 2646 jam
650 2566 723 2650 post
746 2560 865 2627 bellum
885 2559 1055 2630 Actiacum
1078 2557 1223 2629 decretus
1246 2565 1309 2644 eut,
1341 2565 1377 2626 ut
1397 2557 1460 2627 Dio
1482 2556 1519 2623 O.
1538 2558 1650 2627 refert

208 2665 264 2754 ul,
287 2669 344 2734 19:
375 2666 409 2742 ἐς
429 2670 485 2752 τὴν
514 2665 615 2733 πόλιν
636 2665 751 2734 ἐσιόντι
774 2663 861 2752 αι’τῷ
889 2664 948 2742 τάς
969 2665 1000 2731 τι
1022 2663 1138 2752 ἱερείας
1166 2664 1222 2741 τὰς
1244 2663 1486 2750 ἄειπαρθένσιτς
1507 2665 1572 2726 ταὶ
1597 2662 1649 2748 τῂτ

209 2771 330 2862 βουλὴν
351 2772 406 2838 τόν
427 2795 458 2836 τε
481 2758 585 2856 δῆμον
604 2773 684 2856 μειοῖ
705 2793 737 2840 uc
758 2775 821 2836 τῶν
841 2774 1006 2848 γυναικῶν
1027 2775 1082 2836 καὶ
1103 2775 1167 2838 τῶν
1188 2773 1306 2838 τέκνων
1333 2769 1519 2857 ἀπαντῆσαι
1542 2767 1651 2850 ἔγνω-

100 2919 102 2924 s
212 2893 285 2966 σαν,
309 2897 391 2964 quae
415 2877 543 2964 quidem
564 2877 771 2966 pertinaciter
793 2876 983 2965 deprecatus
1005 2883 1054 2946 est
1076 2876 1152 2966 (Dio
1174 2877 1228 2966 Li,
1250 2875 1307 2968 20)
1321 2875 1356 2968 ⁹).

820 3205 902 3300 cap.
923 3203 1033 3282 xm.

300 3392 336 3463 P.
356 3393 400 3483 II,
422 3391 465 3462 43
487 3365 701 3465 Mommseuus
724 3398 845 3467 edidit:
880 3402 966 3486 [cum
982 3399 1062 3492 p]er
1086 3405 1186 3468 toltum
1215 3395 1401 3486 ι’[ιττιννιίιττι
1419 3391 1556 3488 populi
1581 3397 1653 3470 Ro·

286 3667 313 3738 1)
329 3665 443 3724 Reduoe
462 3663 593 3736 Augusto
615 3661 669 3722 diis
693 3662 751 3724 tere
775 3663 967 3736 supplicatum
992 3665 1051 3732 est,
1078 3665 1159 3722 volut
1183 3664 1249 3736 post
1266 3661 1477 3735 expeditionem
1495 3663 1654 3726 Cantabri·

214 3773 293 3823 pum,
318 3771 375 3824 quo
402 3755 513 3825 spectet
530 3752 643 3811 Horatii
661 3771 773 3811 carmen
791 3754 842 3812 ΙΙΙ.
863 3755 906 3820 14,
924 3753 955 3812 in
973 3771 1029 3823 quo
1047 3755 1152 3814 teretes
1177 3753 1340 3812 criticorum
1366 3773 1448 3817 auras
1465 3755 1566 3815 hiatus
1589 3759 1653 3828 qni·

214 3845 279 3902 dem
297 3843 436 3919 asperitas
454 3843 579 3910 offendit,
598 3842 647 3898 sed
665 3860 756 3912 ecquo
773 3843 868 3899 auimo
886 3844 1016 3901 tulerunt
1033 3843 1241 3915 ineptissimum
1259 3844 1438 3912 versiculum,
1457 3844 1488 3900 iu
1500 3852 1653 3918 quopucl·

215 3935 256 3988 lae
267 3937 331 4004 jum
348 3935 437 3988 cirum
456 3939 578 4008 expertae
596 3933 792 4004 appellantur:
825 3933 884 3990 leni
908 3933 1019 3990 medela
1046 3935 1198 4004 utrumque
1222 3932 1357 3989 mendum
1375 3952 1560 4006 procuremus
1582 3939 1653 3993 scri·

215 4024 328 4086 bentes:
353 4041 399 4078 cor
418 4024 533 4093 opucrr'
557 4030 583 4077 et
594 4025 717 4094 puellae,
737 4027 801 4092 jum
825 4025 914 4078 uirum
941 4029 1176 4096 expertaeque
1195 4026 1265 4078 mule
1283 4024 1409 4078 eminetis
1424 4027 1530 4098 parcite
1548 4030 1652 4085 verbu.

215 4109 321 4167 Matres
339 4111 462 4168 familias
481 4112 561 4178 dicit,
580 4112 816 4181 quemadmodum
835 4113 922 4168 etium
941 4113 971 4168 in
991 4113 1065 4168 ludin
1084 4113 1275 4170 saecularibus
1293 4116 1408 4184 praeter
1425 4133 1528 4188 pueros
1546 4120 1582 4174 et
1601 4138 1653 4190 pu·

215 4199 285 4256 ollas
303 4203 408 4273 nuptae
427 4202 560 4258 mulieres
577 4201 609 4255 in
629 4200 770 4271 Capitolio
790 4220 903 4258 carmen
921 4205 1076 4273 cunebent,
1100 4205 1159 4261 vid.
1176 4205 1275 4263 norim.
1294 4204 1329 4270 ΙΙ,
1351 4207 1381 4259 5:
1408 4211 1535 4278 γυναῖκες
1559 4211 1653 4277 luter

214 4310 265 4363 μοι
288 4290 354 4344 curri
372 4291 416 4359 τὴν
435 4289 519 4362 ὥραν,
543 4287 575 4357 ἓν
594 4289 608 4343 ὅ
625 4291 747 4363 χρησμὸς
765 4290 954 4364 ὖιιηγόρενσεν,
978 4296 1018 4354 εἰς
1035 4295 1062 4349 τὸ
1081 4296 1254 4350 Καπιτώλιον
1278 4295 1456 4352 curetarum
1480 4299 1651 4358 λιττιιιεύνιια

215 4378 261 4433 τᾶν
278 4380 344 4440 θεὸν
362 4379 408 4438 eui
423 4379 560 4454 ’ὑμνοῦσιν
578 4378 615 4438 ὥς
632 4381 721 4450 θέμις,
748 4381 985 4450 quemadmodum
1006 4385 1050 4439 est
1072 4383 1102 4442 in
1126 4384 1250 4446 termino
1270 4384 1426 4455 Sibyllinot
1457 4388 1487 4448 ui
1504 4387 1535 4444 di
1553 4391 1650 4465 γᾶμστ

216 4467 349 4540 ζεύγλαισι
366 4467 532 4541 δεδμημὲναι
550 4468 630 4540 ἤματι
648 4477 726 4540 κείνῳ
744 4469 902 4542 γνὺξἭρης
919 4471 994 4542 παρὰ
1012 4472 1108 4547 βωμὸν
1128 4474 1256 4548 ἀοίδιμον
1280 4477 1425 4549 tripodarum
1443 4477 1568 4548 δαίμονα
1594 4481 1651 4534 λιτ-

216 4557 365 4614 urceum.
408 4558 522 4614 Sueten.
541 4557 613 4630 Aug.
633 4559 667 4615 57
686 4561 785 4616 auctor
804 4563 847 4617 cst
865 4569 1040 4618 reuertentem
1058 4583 1091 4619 ea
1104 4567 1246 4636 prouincia
1269 4585 1324 4622 uon
1350 4569 1435 4622 solum
1450 4567 1560 4639 sauctae
1586 4569 1651 4626 omi·

217 4647 302 4714 illus,
324 4648 372 4703 ced
390 4653 416 4702 ct
427 4648 572 4704 modulatis
590 4651 754 4707 carminatur
768 4659 921 4726 prosecutor
939 4673 1001 4711 cure.

289 4738 319 4811 2)
338 4737 417 4805 cuod
435 4755 510 4795 auno
529 4737 582 4795 724
599 4737 724 4810 ineunte,
749 4760 814 4798 cum
834 4743 979 4816 Augustus
995 4743 1187 4803 Brundusium
1205 4746 1344 4816 uenisset,
1372 4747 1486 4816 sanatus
1504 4745 1586 4818 (πλὴν
1602 4747 1650 4804 τῶν

216 4845 241 4886 τι
260 4829 410 4906 δημάρχων
427 4827 476 4884 eui
486 4831 636 4904 στρατηγῶν
653 4833 703 4888 du'o
721 4833 787 4888 κατὰ
806 4834 900 4908 δόγμα
915 4834 1078 4910 μεινάντων)
1096 4838 1207 4907 equites
1222 4841 1252 4896 et
1267 4855 1372 4912 magna
1388 4836 1563 4910 plebis'pars
1577 4838 1651 4910 priu-

222 4921 296 4992 cipis
314 4921 460 4978 seminudi
477 4939 561 4980 ceusu
578 4923 648 4980 illuc
666 4941 695 4980 se
714 4925 909 4994 contulerunt,
936 4943 994 4983 non
1021 4945 1056 4984 ex
1081 4929 1196 4987 senetur
1218 4929 1391 4988 auctoritate
1413 4926 1529 4984 uidetur
1544 4927 1651 4986 iactum

219 5027 291 5082 csse,
309 5013 360 5084 qui
377 5014 491 5072 tautum
506 5011 593 5086 jussit
605 5012 679 5070 duos
695 5015 840 5085 praetores
849 5016 889 5073 ‘in
903 5017 976 5076 urbe
992 5031 1147 5078 remanere.
