3384 5510
771 320 813 395 21

73 499 299 590 supplemento
336 519 400 568 non
433 500 626 586 congrumt3
668 494 703 564 in
734 495 844 586 lapide
874 494 1001 564 videtur
1028 493 1096 559 ΩΥ
1123 511 1209 582 esse,
1247 489 1307 564 sed
1343 491 1430 582 prior
1456 489 1507 562 te

73 612 144 678 tera
166 607 347 694 dimidiata,
369 606 478 692 itaque
499 607 568 669 AY
586 602 772 672 delitescere
792 623 859 672 non
883 602 1034 671 abhorret
1054 623 1075 669 a
1096 602 1241 671 veritatIs
1262 600 1380 690 speeie,
1403 601 1507 692 συμβῇ

35 745 38 752 ·
73 717 194 799 autern,
227 712 304 780 licet
336 711 415 778 scite
447 711 622 796 inventurn,
654 728 783 797 prorsus
815 707 1004 776 adversatur
1035 705 1167 793 litteris,
1201 727 1335 794 quarum
1365 705 1508 792 vestigia
1578 781 1590 805 .

75 817 227 903 quamvis
272 814 412 884 evanida
454 815 535 882 haec
572 814 639 881 fere
685 820 870 901 comparent
906 814 1207 890 ΜΗΤΙΙΛΛΡΗΙ,
1255 810 1364 898 itaque
1401 809 1507 898 prima

74 928 160 990 certe
183 923 293 992 littera
314 920 405 988 verbi
428 918 513 1006 quod
541 918 741 985 desideratur
762 938 827 985 non
849 917 909 984 fuit
929 921 966 981 Σ,
1008 916 1156 1004 Denique
1185 915 1392 985 novnsimum
1412 934 1508 984 voca·

72 1026 186 1096 bulum
209 1025 229 1114 ἧ
253 1025 423 1112 musterus
444 1026 541 1111 plane
562 1023 747 1110 molestum,
770 1022 856 1111 quod
877 1023 905 1091 si
926 1024 961 1090 in
982 1022 1064 1091 libro
1086 1023 1261 1109 legeretur,
1289 1020 1507 1109 unusquisque

72 1137 232 1219 tanquam
253 1131 379 1199 librarii
406 1131 520 1197 inutile
549 1129 802 1197 additamentum
835 1129 1085 1217 expungendum
1117 1148 1188 1196 csso
1218 1119 1381 1213 censeret,
1413 1145 1508 1214 prae·

71 1243 164 1306 terea
186 1238 241 1304 vel
259 1238 348 1304 locus
369 1234 445 1302 huic
465 1235 686 1323 supplemento
708 1235 835 1302 videtur
857 1236 977 1303 deesse.
1020 1233 1178 1320 Equidem
1199 1254 1264 1301 non
1286 1232 1407 1318 dubito,
1430 1229 1508 1318 quin

71 1344 107 1413 in
129 1345 235 1412 altero
257 1363 351 1410 versu
371 1343 405 1409 in
425 1343 603 1409 litterarum
623 1341 767 1426 reliquiis
789 1343 1094 1406 MHTIBAABHI
1111 1340 1287 1427 delitescat,
1320 1345 1416 1424 atquc
1438 1337 1505 1404 iam

71 1449 175 1536 plana
197 1455 248 1516 est
268 1450 438 1516 verborum
459 1448 678 1534 conformatio,
701 1468 784 1533 quae
805 1446 892 1534 apud
913 1447 1147 1516 Kirchhoffium
1167 1446 1247 1515 satis
1269 1451 1318 1514 cst
1338 1441 1506 1530 impedita.

72 1557 176 1624 Totus
198 1561 306 1622 autem
328 1556 416 1622 locus
438 1555 485 1622 ita
506 1554 633 1622 videtur
659 1552 942 1638 redintegrandus:
975 1555 1043 1617 aui
1071 1552 1220 1618 αὐτίκα
1243 1551 1316 1635 ἐμοὶ
1349 1549 1507 1614 ἔδωκεν

74 1656 180 1748 α’ρχή
189 1681 226 1740 ν,
261 1663 315 1723 καὶ
337 1659 374 1724 sd
398 1658 537 1746 δημόσια
559 1659 749 1743 πράγματα,
777 1658 821 1745 μή
843 1681 870 1723 τι
891 1658 1042 1749 dludi,
1074 1658 1154 1744 μετὰ
1181 1657 1245 1724 τῶν
1264 1651 1399 1722 sindone
1419 1675 1507 1742 προ-

73 1774 163 1830 νοεῖν
184 1765 363 1853 ἐπέτρεψεν
385 1762 456 1829 α’ντὶ
476 1766 648 1851 στρατηγοῦ
665 1762 701 1852 ¹).

161 1899 235 1970 Iam
256 1900 359 1968 latina
381 1919 507 1987 quoqne
528 1900 738 1988 probabiliter
759 1898 925 1968 restituere
946 1899 1022 1967 licet
1041 1898 1077 1967 in
1097 1897 1183 1967 hunc
1203 1897 1351 1968 modum:

206 2004 319 2088 Neque
340 2006 389 2075 itu
409 2009 508 2074 multo
525 2014 603 2091 post
623 2006 791 2094 imperium
812 2004 891 2072 mihi
913 2003 1011 2092 dedit,
1033 2010 1063 2073 et
1083 2004 1266 2095 respublica
1288 2025 1330 2074 ne
1352 2000 1430 2091 quid
1452 2003 1506 2072 de-

210 2112 353 2179 trimenti
378 2119 525 2199 cuperet,
558 2134 607 2182 me
634 2118 866 2203 propraetore
894 2111 989 2181 simul
1016 2132 1090 2182 cum
1118 2111 1303 2182 consulibus
1330 2109 1506 2196 procidere

208 2218 314 2286 iussit.
652 2213 657 2230 ’

161 2353 242 2421 Post
263 2351 351 2420 dedit
371 2350 491 2420 inserui
512 2357 552 2430 et,
575 2349 660 2438 quod
680 2349 716 2416 in
737 2354 879 2417 eunome
900 2370 996 2420 uersu
1016 2350 1113 2420 facile
1135 2351 1312 2422 oblitterari
1332 2352 1386 2422 vel
1407 2373 1429 2422 a
1451 2351 1506 2422 de·

74 2458 292 2526 scribentibus
321 2456 445 2543 negligi
473 2455 593 2545 potuit:
626 2454 774 2542 copulam
795 2461 828 2522 et
848 2455 994 2524 instituta
1021 2459 1180 2526 sententia
1207 2460 1306 2547 plane
1326 2457 1454 2545 flagitat
1476 2462 1509 2525 et

76 2585 198 2650 graeca
218 2563 438 2651 interpretatio
462 2561 646 2647 confirmat3
667 2582 744 2628 nam
766 2559 880 2628 eedem
900 2581 999 2649 opera
1020 2569 1151 2632 senatus
1172 2565 1317 2651 Augusto
1338 2565 1508 2652 imperium

76 2669 167 2738 dedit
188 2677 222 2740 et
243 2690 375 2758 operam
396 2669 474 2737 dare
494 2668 596 2754 iussit,
626 2687 667 2734 ne
690 2666 767 2752 quid
789 2665 971 2735 detrimenti
990 2669 1172 2757 respublica
1199 2677 1336 2760 caperet.
1378 2671 1507 2740 Deinde

73 2777 250 2858 procidere
270 2775 399 2862 scripsi,
431 2775 537 2842 lenem
564 2771 723 2840 adhibens
744 2772 903 2841 medelam
930 2776 1144 2865 apographis,
1176 2777 1348 2864 inquibus
1370 2781 1420 2844 est
1439 2776 1504 2844 IR.

77 2879 165 2948 Sane
188 2879 271 2948 alias
293 2880 346 2949 vel
367 2880 475 2947 cidere
496 2878 549 2947 vel
572 2899 704 2962 operam
726 2879 805 2946 dore
827 2900 868 2947 ea
890 2878 931 2947 de
952 2900 987 2947 rc
1009 2881 1133 2968 dicitur,
1155 2887 1191 2949 at
1210 2904 1276 2952 non
1297 2882 1403 2950 minus
1422 2901 1506 2948 com·

76 2986 209 3054 modurn
225 2986 416 3070 providere,
446 2983 545 3071 idque
572 2985 679 3072 ipsum
701 3004 836 3069 gracum
856 2985 1013 3073 interpres
1033 2987 1146 3073 opinor
1166 2986 1255 3076 legit,
1276 2988 1333 3073 qui
1354 2993 1506 3072 προνοεῖν

77 3092 216 3180 scripsit.
259 3091 396 3160 Carmen
418 3091 566 3177 solenne,
600 3089 687 3176 quod
707 3090 742 3157 in
764 3111 881 3176 graeco
909 3092 1030 3178 pariter
1058 3097 1155 3178 atquo
1175 3093 1210 3162 in
1231 3093 1332 3162 latino
1360 3091 1507 3180 exemplo

77 3197 288 3286 recuperari,
320 3197 417 3264 etiam
438 3196 653 3264 Mommsenns
682 3194 863 3283 suspicatus
892 3201 941 3264 est
961 3196 1192 3266 restituendum
1213 3219 1306 3288 esse,
1339 3198 1399 3268 sed
1419 3196 1506 3285 qnod

78 3299 264 3371 dubitanter
285 3300 462 3390 suppleuit:
489 3301 703 3384 respublica,
730 3321 770 3367 ue
792 3301 871 3385 quid
893 3301 1075 3370 detrimenti
1097 3311 1235 3388 cuperet,
1257 3326 1306 3372 me
1323 3326 1389 3390 pro
1406 3325 1506 3388 prce-

79 3412 147 3474 tcre
178 3408 277 3476 mmet
305 3429 376 3476 cum
409 3406 591 3474 consulibus
622 3406 671 3472 ire
696 3404 741 3471 ed
769 3406 943 3473 eucratium
964 3407 1060 3476 iuuet
1080 3416 1231 3488 secutus,
1262 3407 1508 3496 improbandum

79 3512 225 3582 omnino:
255 3512 303 3581 ita
324 3510 410 3580 enim
430 3509 575 3599 potentia
595 3509 669 3596 illa,
703 3528 786 3593 quae
806 3509 962 3580 latissime
994 3513 1144 3600 patebat,
1177 3512 1365 3582 arctissimis
1389 3512 1507 3581 finibus

78 3615 318 3704 circumscripta
332 3615 454 3684 fnisset
487 3615 635 3682 Ceterum
650 3614 777 3681 decreta
792 3622 923 3683 senatus
935 3618 1122 3702 booomficc,
1145 3637 1228 3704 qnae
1238 3619 1402 3704 Augustus
1426 3616 1509 3684 dixit

79 3741 187 3810 supra,
209 3721 371 3791 etiamad
391 3721 579 3811 boeipsum
600 3719 656 3789 80
678 3725 836 3808 spectant,
870 3721 956 3806 quod
984 3743 1097 3792 moneo
1119 3730 1249 3811 propter
1268 3724 1508 3790 Mommsenum.

80 3825 175 3906 Quod
202 3826 316 3914 scripsi
344 3847 445 3910 oeque
473 3829 522 3895 ita
543 3825 642 3892 multo
667 3831 744 3908 poet
771 3823 839 3912 (aui
860 3822 989 3914 adelae)
1022 3827 1100 3895 satis
1130 3827 1277 3913 congruit
1306 3845 1509 3895 cumrerum

81 3938 245 4014 gestarum
277 3929 407 4017 ordine,
451 3950 528 3998 nam
564 3929 678 3997 diebus
711 3929 860 3997 Jannarii
891 3931 908 3996 1
944 3936 977 3999 et
1004 3933 1026 3999 2
1054 3939 1129 4001 acta
1160 3939 1255 4020 sunt,
1295 3951 1379 4019 quae
1411 3931 1508 4000 modo

80 4033 245 4119 Augustus
267 4035 446 4123 enarravit,
475 4035 580 4103 fasces
610 4039 718 4100 autem
747 4039 779 4100 et
798 4034 967 4120 imperium
994 4037 1106 4123 paucis
1135 4036 1248 4106 diebus
1276 4041 1350 4126 post
1375 4034 1509 4124 accepit,

80 4144 117 4205 ut
143 4140 283 4208 ostendit
317 4147 555 4214 monumentum
584 4140 763 4208 Cumanum
792 4137 905 4226 (Orelli
934 4142 959 4207 Ι.
979 4142 1051 4208 Lat
1078 4142 1138 4210 III.
1166 4141 1284 4232 5359):
1329 4141 1402 4210 VII
1424 4142 1507 4209 Idus

82 4241 220 4314 quuar.
242 4244 294 4334 e(o
316 4246 368 4313 die
391 4245 526 4336 Caesar)
545 4246 687 4331 primum
705 4245 812 4329 foeces
832 4245 978 4328 sumpsit.

166 4396 202 4464 P.
214 4397 239 4464 Ι.
263 4397 283 4464 8
305 4402 437 4481 uterque
459 4418 520 4466 cos.
541 4395 655 4485 scripsi
676 4401 806 4484 propter
826 4394 988 4463 interstitii
1010 4397 1187 4486 angustias,
1210 4417 1403 4486 quamquam
1424 4396 1507 4468 alias

83 4497 246 4585 Augustus
275 4500 323 4568 ibi
342 4507 467 4569 tantum
487 4502 549 4570 hac
570 4506 648 4570 nota
669 4500 783 4588 utitur,
819 4499 876 4567 ubi
897 4521 1018 4569 annum
1040 4502 1197 4589 designat.
1241 4504 1281 4573 In
1302 4524 1421 4592 graeca
1442 4522 1506 4572 me-

83 4603 226 4690 taphrasi
254 4601 372 4689 ipatus
400 4604 436 4670 dt
467 4605 485 4671 ὁ
508 4605 608 4693 δῆμος
638 4603 731 4695 dedi,
768 4608 803 4672 nt
831 4603 955 4675 hiatum
984 4608 1184 4699 complerem,
1215 4629 1292 4682 nam
1325 4607 1508 4700 praegressi

84 4709 239 4778 enuntiati
259 4711 403 4780 clausula
422 4711 550 4800 integra
572 4715 629 4781 est.

156 4963 183 5037 1)
200 4963 257 5020 Kal
274 4927 368 5020 adriae
385 4980 460 5020 nuno
479 4961 587 5034 scripsi,
612 4977 677 5019 cum
696 4964 782 5020 antee
798 4963 856 5038 μετ’
871 4963 903 5021 ot
916 4964 985 5023 noli
1001 4967 1219 5040 proposuissem
1245 4965 1316 5026 item
1334 4960 1410 5035 quod
1426 4976 1504 5036 crpu-

85 5053 161 5124 oyes
174 5056 400 5120 resurremus
414 5071 567 5123 seueram,
581 5053 643 5125 jem
661 5053 763 5126 abjeci.
