<?xml version="1.0" encoding="UTF-8"?>
<!DOCTYPE html PUBLIC "-//W3C//DTD XHTML 1.0 Transitional//EN"
    "http://www.w3.org/TR/xhtml1/DTD/xhtml1-transitional.dtd">
<html xmlns="http://www.w3.org/1999/xhtml" xml:lang="en" lang="en">
 <head>
  <title>
</title>
<meta http-equiv="Content-Type" content="text/html;charset=utf-8" />
  <meta name='ocr-system' content='tesseract 3.04.00' />
  <meta name='ocr-capabilities' content='ocr_page ocr_carea ocr_par ocr_line ocrx_word'/>
</head>
<body>
  <div class='ocr_page' id='page_1' title='image "augustirerumase00berggoog_0067.png"; bbox 0 0 3384 5510; ppageno 0'>
   <div class='ocr_carea' id='block_1_1' title="bbox 950 289 995 361">
    <p class='ocr_par' dir='ltr' id='par_1_1' title="bbox 950 289 995 361">
     <span class='ocr_line' id='line_1_1' title="bbox 950 289 995 361; baseline 0.022 -1"><span class='ocrx_word' id='word_1_1' title='bbox 950 289 995 361; x_wconf 80' lang='lat'><strong>28</strong></span> 
     </span>
    </p>
   </div>
   <div class='ocr_carea' id='block_1_2' title="bbox 257 453 1665 1400">
    <p class='ocr_par' dir='ltr' id='par_1_2' title="bbox 257 453 1665 1400">
     <span class='ocr_line' id='line_1_2' title="bbox 348 453 1662 564; baseline 0.022 -44"><span class='ocrx_word' id='word_1_2' title='bbox 348 453 471 543; x_wconf 92' lang='lat' dir='ltr'><strong>Populo</strong></span> <span class='ocrx_word' id='word_1_3' title='bbox 493 453 686 524; x_wconf 71' lang='lat' dir='ltr'><strong>dictaturam</strong></span> <span class='ocrx_word' id='word_1_4' title='bbox 705 454 862 528; x_wconf 79' lang='lat' dir='ltr'><strong>deferenti</strong></span> <span class='ocrx_word' id='word_1_5' title='bbox 879 478 950 530; x_wconf 91' lang='lat' dir='ltr'><strong>cum</strong></span> <span class='ocrx_word' id='word_1_6' title='bbox 970 461 1177 551; x_wconf 74' lang='lat' dir='ltr'><strong>pertinaciter</strong></span> <span class='ocrx_word' id='word_1_7' title='bbox 1196 467 1365 540; x_wconf 70' lang='lat' dir='ltr'><strong>restitisset</strong></span> <span class='ocrx_word' id='word_1_8' title='bbox 1376 471 1551 564; x_wconf 74' lang='lat' dir='ltr'><strong>Augustus,</strong></span> <span class='ocrx_word' id='word_1_9' title='bbox 1574 475 1662 550; x_wconf 84' lang='lat' dir='ltr'><strong>eaden</strong></span> 
     </span>
     <span class='ocr_line' id='line_1_3' title="bbox 260 553 1662 660; baseline 0.021 -35"><span class='ocrx_word' id='word_1_10' title='bbox 260 560 411 648; x_wconf 85' lang='lat' dir='ltr'><strong>temporis</strong></span> <span class='ocrx_word' id='word_1_11' title='bbox 429 553 566 629; x_wconf 83' lang='lat' dir='ltr'><strong>&#39;articulo</strong></span> <span class='ocrx_word' id='word_1_12' title='bbox 589 582 699 630; x_wconf 87' lang='lat' dir='ltr'><strong>curam</strong></span> <span class='ocrx_word' id='word_1_13' title='bbox 719 583 868 633; x_wconf 87' lang='lat' dir='ltr'><strong>annonae</strong></span> <span class='ocrx_word' id='word_1_14' title='bbox 888 567 924 634; x_wconf 91' lang='lat' dir='ltr'><strong>in</strong></span> <span class='ocrx_word' id='word_1_15' title='bbox 945 587 982 636; x_wconf 89' lang='lat' dir='ltr'><strong>sa</strong></span> <span class='ocrx_word' id='word_1_16' title='bbox 1002 573 1140 659; x_wconf 87' lang='lat' dir='ltr'><strong>recepit,</strong></span> <span class='ocrx_word' id='word_1_17' title='bbox 1172 575 1232 642; x_wconf 91' lang='lat' dir='ltr'><strong>sed</strong></span> <span class='ocrx_word' id='word_1_18' title='bbox 1258 597 1340 660; x_wconf 88' lang='lat' dir='ltr'><strong>quae</strong></span> <span class='ocrx_word' id='word_1_19' title='bbox 1361 597 1402 648; x_wconf 89' lang='lat' dir='ltr'><strong>ea</strong></span> <span class='ocrx_word' id='word_1_20' title='bbox 1426 581 1468 650; x_wconf 87' lang='lat' dir='ltr'><strong>de</strong></span> <span class='ocrx_word' id='word_1_21' title='bbox 1489 605 1526 652; x_wconf 92' lang='lat' dir='ltr'><strong>re</strong></span> <span class='ocrx_word' id='word_1_22' title='bbox 1547 585 1584 652; x_wconf 91' lang='lat' dir='ltr'><strong>in</strong></span> <span class='ocrx_word' id='word_1_23' title='bbox 1603 588 1662 656; x_wconf 86' lang='lat' dir='ltr'><strong>indi·</strong></span> 
     </span>
     <span class='ocr_line' id='line_1_4' title="bbox 261 668 1662 776; baseline 0.018 -40"><span class='ocrx_word' id='word_1_24' title='bbox 261 669 307 736; x_wconf 87' lang='lat' dir='ltr'><strong>cis</strong></span> <span class='ocrx_word' id='word_1_25' title='bbox 327 668 429 736; x_wconf 87' lang='lat' dir='ltr'><strong>latino</strong></span> <span class='ocrx_word' id='word_1_26' title='bbox 451 669 598 754; x_wconf 88' lang='lat' dir='ltr'><strong>exemplo</strong></span> <span class='ocrx_word' id='word_1_27' title='bbox 619 669 769 754; x_wconf 82' lang='lat' dir='ltr'><strong>leguntur</strong></span> <span class='ocrx_word' id='word_1_28' title='bbox 789 671 964 740; x_wconf 82' lang='lat' dir='ltr'><strong>maximam</strong></span> <span class='ocrx_word' id='word_1_29' title='bbox 983 683 1109 761; x_wconf 87' lang='lat' dir='ltr'><strong>partem</strong></span> <span class='ocrx_word' id='word_1_30' title='bbox 1130 680 1312 750; x_wconf 88' lang='lat' dir='ltr'><strong>oblitterata</strong></span> <span class='ocrx_word' id='word_1_31' title='bbox 1333 693 1416 774; x_wconf 88' lang='lat' dir='ltr'><strong>sunt,</strong></span> <span class='ocrx_word' id='word_1_32' title='bbox 1439 709 1543 775; x_wconf 90' lang='lat' dir='ltr'><strong>neque</strong></span> <span class='ocrx_word' id='word_1_33' title='bbox 1567 713 1662 776; x_wconf 85' lang='lat' dir='ltr'><strong>graec</strong></span> 
     </span>
     <span class='ocr_line' id='line_1_5' title="bbox 259 774 1663 887; baseline 0.017 -45"><span class='ocrx_word' id='word_1_34' title='bbox 259 774 473 862; x_wconf 80' lang='lat' dir='ltr'><strong>metaphrasis</strong></span> <span class='ocrx_word' id='word_1_35' title='bbox 495 774 582 841; x_wconf 89' lang='lat' dir='ltr'><strong>omni</strong></span> <span class='ocrx_word' id='word_1_36' title='bbox 603 793 644 841; x_wconf 84' lang='lat' dir='ltr'><strong>ex</strong></span> <span class='ocrx_word' id='word_1_37' title='bbox 665 781 757 862; x_wconf 89' lang='lat' dir='ltr'><strong>parte</strong></span> <span class='ocrx_word' id='word_1_38' title='bbox 779 777 906 863; x_wconf 77' lang='lat' dir='ltr'><strong>integra</strong></span> <span class='ocrx_word' id='word_1_39' title='bbox 928 788 1057 848; x_wconf 86' lang='lat' dir='ltr'><strong>servata</strong></span> <span class='ocrx_word' id='word_1_40' title='bbox 1081 790 1149 870; x_wconf 89' lang='lat' dir='ltr'><strong>est,</strong></span> <span class='ocrx_word' id='word_1_41' title='bbox 1181 787 1291 872; x_wconf 89' lang='lat' dir='ltr'><strong>itaque</strong></span> <span class='ocrx_word' id='word_1_42' title='bbox 1323 809 1388 857; x_wconf 93' lang='lat' dir='ltr'><strong>non</strong></span> <span class='ocrx_word' id='word_1_43' title='bbox 1414 794 1530 862; x_wconf 92' lang='lat' dir='ltr'><strong>mirum</strong></span> <span class='ocrx_word' id='word_1_44' title='bbox 1558 799 1663 887; x_wconf 76' lang='lat' dir='ltr'><strong>accidit</strong></span> 
     </span>
     <span class='ocr_line' id='line_1_6' title="bbox 258 879 1664 984; baseline 0.017 -36"><span class='ocrx_word' id='word_1_45' title='bbox 258 880 412 966; x_wconf 86' lang='lat' dir='ltr'><strong>sineque</strong></span> <span class='ocrx_word' id='word_1_46' title='bbox 433 879 631 948; x_wconf 87' lang='lat' dir='ltr'><strong>Kirchhoffio</strong></span> <span class='ocrx_word' id='word_1_47' title='bbox 657 901 760 966; x_wconf 87' lang='lat' dir='ltr'><strong>nequa</strong></span> <span class='ocrx_word' id='word_1_48' title='bbox 786 882 982 954; x_wconf 79' lang='lat' dir='ltr'><strong>Mommsenio</strong></span> <span class='ocrx_word' id='word_1_49' title='bbox 1012 891 1201 958; x_wconf 88' lang='lat' dir='ltr'><strong>successerit</strong></span> <span class='ocrx_word' id='word_1_50' title='bbox 1231 894 1432 984; x_wconf 88' lang='lat' dir='ltr'><strong>emendatio,</strong></span> <span class='ocrx_word' id='word_1_51' title='bbox 1464 901 1554 968; x_wconf 88' lang='lat' dir='ltr'><strong>velut</strong></span> <span class='ocrx_word' id='word_1_52' title='bbox 1576 903 1664 972; x_wconf 89' lang='lat' dir='ltr'><strong>illeh</strong></span> 
     </span>
     <span class='ocr_line' id='line_1_7' title="bbox 259 984 1664 1099; baseline 0.015 -48"><span class='ocrx_word' id='word_1_53' title='bbox 259 1005 377 1071; x_wconf 82' lang='lat' dir='ltr'><strong>gracco</strong></span> <span class='ocrx_word' id='word_1_54' title='bbox 399 986 545 1073; x_wconf 81' lang='lat' dir='ltr'><strong>exemplo</strong></span> <span class='ocrx_word' id='word_1_55' title='bbox 567 985 693 1073; x_wconf 76' lang='lat' dir='ltr'><strong>scripsit</strong></span> <span class='ocrx_word' id='word_1_56' title='bbox 706 984 893 1068; x_wconf 69' lang='grc' dir='ltr'><strong><em>ἐπιμέλειαν</em></strong></span> <span class='ocrx_word' id='word_1_57' title='bbox 908 992 961 1074; x_wconf 72' lang='lat' dir='ltr'><strong>u‘pc</strong></span> <span class='ocrx_word' id='word_1_58' title='bbox 982 991 1105 1080; x_wconf 73' lang='grc' dir='ltr'><em>ἀγορᾶς</em></span> <span class='ocrx_word' id='word_1_59' title='bbox 1118 995 1154 1081; x_wconf 87' lang='lat'><strong>¹),</strong></span> <span class='ocrx_word' id='word_1_60' title='bbox 1177 996 1217 1081; x_wconf 81' lang='grc' dir='ltr'><strong>ἣν</strong></span> <span class='ocrx_word' id='word_1_61' title='bbox 1238 997 1277 1063; x_wconf 74' lang='grc' dir='ltr'><strong>οὔ</strong></span> <span class='ocrx_word' id='word_1_62' title='bbox 1299 998 1515 1089; x_wconf 75' lang='grc' dir='ltr'><strong><em>[ποησάμενος</em></strong></span> <span class='ocrx_word' id='word_1_63' title='bbox 1536 1003 1664 1099; x_wconf 73' lang='grc' dir='ltr'><strong>ἄμελῶς],</strong></span> 
     </span>
     <span class='ocr_line' id='line_1_8' title="bbox 258 1090 1664 1196; baseline 0.016 -40"><span class='ocrx_word' id='word_1_64' title='bbox 258 1091 316 1157; x_wconf 90' lang='lat' dir='ltr'><strong>ubi</strong></span> <span class='ocrx_word' id='word_1_65' title='bbox 337 1091 390 1158; x_wconf 84' lang='lat' dir='ltr'><strong>vel</strong></span> <span class='ocrx_word' id='word_1_66' title='bbox 416 1090 558 1158; x_wconf 87' lang='lat' dir='ltr'><strong>insolens</strong></span> <span class='ocrx_word' id='word_1_67' title='bbox 586 1091 756 1158; x_wconf 83' lang='lat' dir='ltr'><strong>verborum</strong></span> <span class='ocrx_word' id='word_1_68' title='bbox 785 1092 863 1161; x_wconf 89' lang='lat' dir='ltr'><strong>ordo</strong></span> <span class='ocrx_word' id='word_1_69' title='bbox 886 1095 1028 1185; x_wconf 83' lang='lat' dir='ltr'><strong>offendit,</strong></span> <span class='ocrx_word' id='word_1_70' title='bbox 1059 1120 1100 1167; x_wconf 92' lang='lat' dir='ltr'><strong>ac</strong></span> <span class='ocrx_word' id='word_1_71' title='bbox 1121 1107 1289 1187; x_wconf 88' lang='lat' dir='ltr'><strong>praeterea</strong></span> <span class='ocrx_word' id='word_1_72' title='bbox 1310 1105 1497 1188; x_wconf 63' lang='lat' dir='ltr'><strong>sceptratus</strong></span> <span class='ocrx_word' id='word_1_73' title='bbox 1518 1109 1580 1176; x_wconf 73' lang='lat' dir='ltr'><strong>oda</strong></span> <span class='ocrx_word' id='word_1_74' title='bbox 1603 1111 1664 1196; x_wconf 78' lang='lat' dir='ltr'><strong>c’ps·</strong></span> 
     </span>
     <span class='ocr_line' id='line_1_9' title="bbox 258 1191 1665 1302; baseline 0.016 -44"><span class='ocrx_word' id='word_1_75' title='bbox 258 1191 323 1271; x_wconf 73' lang='grc' dir='ltr'><strong>λῶς</strong></span> <span class='ocrx_word' id='word_1_76' title='bbox 343 1198 511 1262; x_wconf 66' lang='grc' dir='ltr'><strong><em>ποιεῖσθαι</em></strong></span> <span class='ocrx_word' id='word_1_77' title='bbox 533 1216 555 1263; x_wconf 89' lang='lat' dir='ltr'><strong>a</strong></span> <span class='ocrx_word' id='word_1_78' title='bbox 576 1197 685 1282; x_wconf 51' lang='lat' dir='ltr'><strong>gaeci</strong></span> <span class='ocrx_word' id='word_1_79' title='bbox 706 1199 861 1266; x_wconf 89' lang='lat' dir='ltr'><strong>sermonis</strong></span> <span class='ocrx_word' id='word_1_80' title='bbox 882 1204 1077 1289; x_wconf 78' lang='lat' dir='ltr'><strong>proprietate</strong></span> <span class='ocrx_word' id='word_1_81' title='bbox 1096 1207 1255 1295; x_wconf 89' lang='lat' dir='ltr'><strong>abhorret,</strong></span> <span class='ocrx_word' id='word_1_82' title='bbox 1290 1212 1551 1298; x_wconf 90' lang='lat' dir='ltr'><strong>quandoquidem</strong></span> <span class='ocrx_word' id='word_1_83' title='bbox 1573 1216 1665 1302; x_wconf 69' lang='lat' dir='ltr'><strong>tuapt-</strong></span> 
     </span>
     <span class='ocr_line' id='line_1_10' title="bbox 257 1299 1664 1400; baseline 0.019 -35"><span class='ocrx_word' id='word_1_84' title='bbox 257 1299 329 1366; x_wconf 70' lang='grc' dir='ltr'><strong>λεια</strong></span> <span class='ocrx_word' id='word_1_85' title='bbox 350 1302 404 1369; x_wconf 90' lang='lat' dir='ltr'><strong>hic</strong></span> <span class='ocrx_word' id='word_1_86' title='bbox 423 1303 530 1391; x_wconf 88' lang='lat' dir='ltr'><strong>ipsum</strong></span> <span class='ocrx_word' id='word_1_87' title='bbox 549 1323 663 1372; x_wconf 89' lang='lat' dir='ltr'><strong>munus</strong></span> <span class='ocrx_word' id='word_1_88' title='bbox 685 1305 973 1375; x_wconf 88' lang='lat' dir='ltr'><strong>extraordinarium</strong></span> <span class='ocrx_word' id='word_1_89' title='bbox 994 1312 1172 1400; x_wconf 71' lang='lat' dir='ltr'><strong>significat,</strong></span> <span class='ocrx_word' id='word_1_90' title='bbox 1194 1317 1363 1385; x_wconf 81' lang='lat' dir='ltr'><strong>obsecutus</strong></span> <span class='ocrx_word' id='word_1_91' title='bbox 1384 1325 1494 1388; x_wconf 88' lang='lat' dir='ltr'><strong>tamen</strong></span> <span class='ocrx_word' id='word_1_92' title='bbox 1515 1323 1664 1392; x_wconf 82' lang='lat' dir='ltr'><strong>Mommsc</strong></span> 
     </span>
    </p>
   </div>
   <div class='ocr_carea' id='block_1_3' title="bbox 254 1415 1665 1602">
    <p class='ocr_par' dir='ltr' id='par_1_3' title="bbox 254 1415 1665 1602">
     <span class='ocr_line' id='line_1_11' title="bbox 256 1415 1665 1512; baseline 0.016 -37"><span class='ocrx_word' id='word_1_93' title='bbox 256 1427 317 1476; x_wconf 87' lang='lat' dir='ltr'><strong>nus</strong></span> <span class='ocrx_word' id='word_1_94' title='bbox 339 1428 451 1475; x_wconf 86' lang='lat' dir='ltr'><strong>curam</strong></span> <span class='ocrx_word' id='word_1_95' title='bbox 473 1429 628 1490; x_wconf 88' lang='lat' dir='ltr'><strong>cuucuuc,</strong></span> <span class='ocrx_word' id='word_1_96' title='bbox 650 1431 713 1493; x_wconf 79' lang='lat' dir='ltr'><strong>quc</strong></span> <span class='ocrx_word' id='word_1_97' title='bbox 736 1430 799 1477; x_wconf 86' lang='lat' dir='ltr'><strong>nou</strong></span> <span class='ocrx_word' id='word_1_98' title='bbox 822 1415 1121 1500; x_wconf 67' lang='lat' dir='ltr'><strong>uectepcutcrfacto</strong></span> <span class='ocrx_word' id='word_1_99' title='bbox 1142 1420 1251 1508; x_wconf 84' lang='lat' dir='ltr'><strong>edidit,</strong></span> <span class='ocrx_word' id='word_1_100' title='bbox 1274 1424 1360 1507; x_wconf 88' lang='lat' dir='ltr'><strong>quod</strong></span> <span class='ocrx_word' id='word_1_101' title='bbox 1380 1446 1445 1492; x_wconf 88' lang='lat' dir='ltr'><strong>non</strong></span> <span class='ocrx_word' id='word_1_102' title='bbox 1467 1429 1578 1512; x_wconf 83' lang='lat' dir='ltr'><strong>magis</strong></span> <span class='ocrx_word' id='word_1_103' title='bbox 1594 1430 1665 1498; x_wconf 86' lang='lat' dir='ltr'><strong>latini</strong></span> 
     </span>
     <span class='ocr_line' id='line_1_12' title="bbox 254 1513 1665 1602; baseline 0.013 -18"><span class='ocrx_word' id='word_1_104' title='bbox 254 1515 411 1584; x_wconf 85' lang='lat' dir='ltr'><strong>sermonis</strong></span> <span class='ocrx_word' id='word_1_105' title='bbox 432 1513 655 1582; x_wconf 88' lang='lat' dir='ltr'><strong>consuetudini</strong></span> <span class='ocrx_word' id='word_1_106' title='bbox 676 1517 837 1583; x_wconf 87' lang='lat' dir='ltr'><strong>convenit:</strong></span> <span class='ocrx_word' id='word_1_107' title='bbox 859 1517 975 1588; x_wconf 92' lang='lat' dir='ltr'><strong>deinde</strong></span> <span class='ocrx_word' id='word_1_108' title='bbox 995 1523 1030 1588; x_wconf 91' lang='lat' dir='ltr'><strong>in</strong></span> <span class='ocrx_word' id='word_1_109' title='bbox 1051 1525 1240 1593; x_wconf 90' lang='lat' dir='ltr'><strong>Mommseni</strong></span> <span class='ocrx_word' id='word_1_110' title='bbox 1261 1528 1461 1598; x_wconf 86' lang='lat' dir='ltr'><strong>restitutione</strong></span> <span class='ocrx_word' id='word_1_111' title='bbox 1481 1535 1588 1602; x_wconf 83' lang='lat' dir='ltr'><strong>verba</strong></span> <span class='ocrx_word' id='word_1_112' title='bbox 1609 1539 1665 1602; x_wconf 80' lang='lat' dir='ltr'><strong>reeb</strong></span> 
     </span>
    </p>
   </div>
   <div class='ocr_carea' id='block_1_4' title="bbox 226 1617 1667 2136">
    <p class='ocr_par' dir='ltr' id='par_1_4' title="bbox 226 1617 1667 2136">
     <span class='ocr_line' id='line_1_13' title="bbox 226 1617 1666 1728; baseline 0.016 -43"><span class='ocrx_word' id='word_1_113' title='bbox 226 1617 227 1620; x_wconf 70' lang='grc'>’</span> <span class='ocrx_word' id='word_1_114' title='bbox 255 1621 434 1703; x_wconf 70' lang='lat' dir='ltr'><strong>sumptibus</strong></span> <span class='ocrx_word' id='word_1_115' title='bbox 454 1626 487 1688; x_wconf 91' lang='lat' dir='ltr'><strong>et</strong></span> <span class='ocrx_word' id='word_1_116' title='bbox 503 1621 621 1703; x_wconf 79' lang='lat' dir='ltr'><strong>paucis</strong></span> <span class='ocrx_word' id='word_1_117' title='bbox 642 1620 753 1687; x_wconf 82' lang='lat' dir='ltr'><strong>diebus</strong></span> <span class='ocrx_word' id='word_1_118' title='bbox 773 1643 838 1689; x_wconf 90' lang='lat' dir='ltr'><strong>non</strong></span> <span class='ocrx_word' id='word_1_119' title='bbox 860 1643 917 1692; x_wconf 89' lang='lat' dir='ltr'><strong>suo</strong></span> <span class='ocrx_word' id='word_1_120' title='bbox 939 1626 1009 1694; x_wconf 91' lang='lat' dir='ltr'><strong>loco</strong></span> <span class='ocrx_word' id='word_1_121' title='bbox 1030 1631 1137 1715; x_wconf 91' lang='lat' dir='ltr'><strong>posita</strong></span> <span class='ocrx_word' id='word_1_122' title='bbox 1158 1632 1333 1720; x_wconf 83' lang='lat' dir='ltr'><strong>offendunt,</strong></span> <span class='ocrx_word' id='word_1_123' title='bbox 1354 1655 1458 1722; x_wconf 87' lang='lat' dir='ltr'><strong>neque</strong></span> <span class='ocrx_word' id='word_1_124' title='bbox 1480 1645 1560 1724; x_wconf 89' lang='lat' dir='ltr'><strong>apte</strong></span> <span class='ocrx_word' id='word_1_125' title='bbox 1580 1642 1666 1728; x_wconf 88' lang='lat' dir='ltr'><strong>plura·</strong></span> 
     </span>
     <span class='ocr_line' id='line_1_14' title="bbox 253 1726 1665 1834; baseline 0.014 -40"><span class='ocrx_word' id='word_1_126' title='bbox 253 1726 328 1795; x_wconf 91' lang='lat' dir='ltr'><strong>liter</strong></span> <span class='ocrx_word' id='word_1_127' title='bbox 348 1727 495 1811; x_wconf 79' lang='lat' dir='ltr'><strong>sumptus</strong></span> <span class='ocrx_word' id='word_1_128' title='bbox 516 1727 679 1812; x_wconf 89' lang='lat' dir='ltr'><strong>dicuntur,</strong></span> <span class='ocrx_word' id='word_1_129' title='bbox 715 1748 777 1812; x_wconf 87' lang='lat' dir='ltr'><strong>quo</strong></span> <span class='ocrx_word' id='word_1_130' title='bbox 798 1731 956 1799; x_wconf 89' lang='lat' dir='ltr'><strong>vocabulo</strong></span> <span class='ocrx_word' id='word_1_131' title='bbox 977 1735 1143 1819; x_wconf 85' lang='lat' dir='ltr'><strong>Augustus</strong></span> <span class='ocrx_word' id='word_1_132' title='bbox 1164 1739 1293 1807; x_wconf 92' lang='lat' dir='ltr'><strong>omnino</strong></span> <span class='ocrx_word' id='word_1_133' title='bbox 1314 1761 1380 1809; x_wconf 91' lang='lat' dir='ltr'><strong>non</strong></span> <span class='ocrx_word' id='word_1_134' title='bbox 1403 1747 1452 1808; x_wconf 89' lang='lat' dir='ltr'><strong>est</strong></span> <span class='ocrx_word' id='word_1_135' title='bbox 1472 1763 1551 1812; x_wconf 90' lang='lat' dir='ltr'><strong>usus</strong></span> <span class='ocrx_word' id='word_1_136' title='bbox 1567 1745 1605 1834; x_wconf 73' lang='grc'><strong>2).</strong></span> <span class='ocrx_word' id='word_1_137' title='bbox 1641 1749 1665 1814; x_wconf 92' lang='lat' dir='ltr'><strong>h</strong></span> 
     </span>
     <span class='ocr_line' id='line_1_15' title="bbox 255 1832 1667 1936; baseline 0.013 -35"><span class='ocrx_word' id='word_1_138' title='bbox 255 1832 379 1901; x_wconf 77' lang='lat' dir='ltr'><strong>Gracco</strong></span> <span class='ocrx_word' id='word_1_139' title='bbox 411 1832 557 1919; x_wconf 84' lang='lat' dir='ltr'><strong>exemplo</strong></span> <span class='ocrx_word' id='word_1_140' title='bbox 586 1852 658 1899; x_wconf 91' lang='lat' dir='ltr'><strong>cum</strong></span> <span class='ocrx_word' id='word_1_141' title='bbox 688 1832 770 1900; x_wconf 88' lang='lat' dir='ltr'><strong>haec</strong></span> <span class='ocrx_word' id='word_1_142' title='bbox 798 1835 967 1920; x_wconf 84' lang='lat' dir='ltr'><strong>legantur:</strong></span> <span class='ocrx_word' id='word_1_143' title='bbox 1000 1841 1152 1932; x_wconf 81' lang='grc' dir='ltr'><strong>ΗΝΟΥΙ</strong></span> <span class='ocrx_word' id='word_1_144' title='bbox 1178 1845 1667 1936; x_wconf 58' lang='grc' dir='ltr'><em>[[ΝΙΝΝΝΙΛΩΣΙΙΝΩΙΙΙΑΙΣ</em></span> 
     </span>
     <span class='ocr_line' id='line_1_16' title="bbox 256 1939 1666 2040; baseline 0.012 -34"><span class='ocrx_word' id='word_1_145' title='bbox 256 1987 265 2006; x_wconf 94' lang='grc'><strong>.</strong></span> <span class='ocrx_word' id='word_1_146' title='bbox 288 1984 323 2006; x_wconf 92' lang='grc'><strong>..</strong></span> <span class='ocrx_word' id='word_1_147' title='bbox 344 1940 676 2017; x_wconf 62' lang='lat' dir='ltr'><strong>mararenses,</strong></span> <span class='ocrx_word' id='word_1_148' title='bbox 710 1939 857 2024; x_wconf 82' lang='lat' dir='ltr'><strong>equidem</strong></span> <span class='ocrx_word' id='word_1_149' title='bbox 878 1944 992 2029; x_wconf 79' lang='lat' dir='ltr'><strong>senpn</strong></span> <span class='ocrx_word' id='word_1_150' title='bbox 1013 1947 1053 2030; x_wconf 73' lang='lat' dir='ltr'><strong>p</strong></span> <span class='ocrx_word' id='word_1_151' title='bbox 1074 1945 1113 2011; x_wconf 76' lang='lat' dir='ltr'><strong>oc</strong></span> <span class='ocrx_word' id='word_1_152' title='bbox 1131 1947 1139 2036; x_wconf 74' lang='lat' dir='ltr'><strong>p</strong></span> <span class='ocrx_word' id='word_1_153' title='bbox 1156 1971 1216 2024; x_wconf 59' lang='lat' dir='ltr'><strong>ae</strong></span> <span class='ocrx_word' id='word_1_154' title='bbox 1236 1950 1441 2040; x_wconf 53' lang='lat' dir='ltr'><strong>euacua,</strong></span> <span class='ocrx_word' id='word_1_155' title='bbox 1462 1939 1534 2024; x_wconf 69' lang='lat' dir='ltr'><strong>&#39;aar</strong></span> <span class='ocrx_word' id='word_1_156' title='bbox 1559 1961 1599 2026; x_wconf 74' lang='lat' dir='ltr'><strong>a</strong></span> <span class='ocrx_word' id='word_1_157' title='bbox 1621 1959 1666 2026; x_wconf 75' lang='lat' dir='ltr'><strong>ut</strong></span> 
     </span>
     <span class='ocr_line' id='line_1_17' title="bbox 253 2027 1666 2136; baseline 0.023 -33"><span class='ocrx_word' id='word_1_158' title='bbox 253 2065 327 2125; x_wconf 70' lang='grc' dir='ltr'><strong>γαις</strong></span> <span class='ocrx_word' id='word_1_159' title='bbox 354 2041 488 2130; x_wconf 75' lang='grc' dir='ltr'><strong><em>ἡμέραις</em></strong></span> <span class='ocrx_word' id='word_1_160' title='bbox 516 2027 847 2129; x_wconf 53' lang='lat' dir='ltr'><strong>...incaeperat</strong></span> <span class='ocrx_word' id='word_1_161' title='bbox 879 2053 912 2113; x_wconf 88' lang='lat' dir='ltr'><strong>et</strong></span> <span class='ocrx_word' id='word_1_162' title='bbox 939 2047 983 2115; x_wconf 89' lang='lat' dir='ltr'><strong>ad</strong></span> <span class='ocrx_word' id='word_1_163' title='bbox 1012 2051 1149 2122; x_wconf 90' lang='lat' dir='ltr'><strong>eundem</strong></span> <span class='ocrx_word' id='word_1_164' title='bbox 1178 2055 1307 2124; x_wconf 90' lang='lat' dir='ltr'><strong>modum</strong></span> <span class='ocrx_word' id='word_1_165' title='bbox 1340 2059 1444 2130; x_wconf 87' lang='lat' dir='ltr'><strong>latina</strong></span> <span class='ocrx_word' id='word_1_166' title='bbox 1471 2066 1666 2136; x_wconf 82' lang='lat' dir='ltr'><strong>conformavi</strong></span> 
     </span>
    </p>
   </div>
   <div class='ocr_carea' id='block_1_5' title="bbox 119 2150 1666 2260">
    <p class='ocr_par' dir='ltr' id='par_1_5' title="bbox 119 2150 1666 2260">
     <span class='ocr_line' id='line_1_18' title="bbox 119 2150 1666 2260; baseline 0.017 -45"><span class='ocrx_word' id='word_1_167' title='bbox 119 2239 121 2242; x_wconf 9' lang='lat' dir='ltr'>y</span> <span class='ocrx_word' id='word_1_168' title='bbox 254 2150 402 2246; x_wconf 78' lang='lat' dir='ltr'><strong>Cetemm</strong></span> <span class='ocrx_word' id='word_1_169' title='bbox 429 2151 587 2236; x_wconf 86' lang='lat' dir='ltr'><strong>interpres</strong></span> <span class='ocrx_word' id='word_1_170' title='bbox 609 2150 769 2232; x_wconf 79' lang='lat' dir='ltr'><strong>populum</strong></span> <span class='ocrx_word' id='word_1_171' title='bbox 789 2152 975 2220; x_wconf 79' lang='lat' dir='ltr'><strong>uuiversum</strong></span> <span class='ocrx_word' id='word_1_172' title='bbox 1006 2156 1095 2245; x_wconf 88' lang='lat' dir='ltr'><strong>(nam</strong></span> <span class='ocrx_word' id='word_1_173' title='bbox 1130 2180 1168 2227; x_wconf 91' lang='lat' dir='ltr'><strong>eo</strong></span> <span class='ocrx_word' id='word_1_174' title='bbox 1197 2162 1368 2233; x_wconf 77' lang='lat' dir='ltr'><strong>manifesto</strong></span> <span class='ocrx_word' id='word_1_175' title='bbox 1398 2166 1518 2238; x_wconf 90' lang='lat' dir='ltr'><strong>ducunt</strong></span> <span class='ocrx_word' id='word_1_176' title='bbox 1539 2174 1666 2260; x_wconf 82' lang='lat' dir='ltr'><strong>vestigia</strong></span> 
     </span>
    </p>
   </div>
   <div class='ocr_carea' id='block_1_6' title="bbox 242 2253 1676 4150">
    <p class='ocr_par' dir='ltr' id='par_1_6' title="bbox 252 2253 1138 2346">
     <span class='ocr_line' id='line_1_19' title="bbox 252 2253 1138 2346; baseline 0.008 -25"><span class='ocrx_word' id='word_1_177' title='bbox 252 2253 346 2322; x_wconf 89' lang='lat' dir='ltr'><strong>latini</strong></span> <span class='ocrx_word' id='word_1_178' title='bbox 368 2254 520 2343; x_wconf 86' lang='lat' dir='ltr'><strong>exempli)</strong></span> <span class='ocrx_word' id='word_1_179' title='bbox 542 2254 744 2340; x_wconf 84' lang='lat' dir='ltr'><strong>negligenter</strong></span> <span class='ocrx_word' id='word_1_180' title='bbox 765 2257 927 2324; x_wconf 88' lang='lat' dir='ltr'><strong>transtulit</strong></span> <span class='ocrx_word' id='word_1_181' title='bbox 943 2264 1004 2325; x_wconf 75' lang='grc' dir='ltr'><strong>’τὸν</strong></span> <span class='ocrx_word' id='word_1_182' title='bbox 1026 2259 1138 2346; x_wconf 76' lang='grc' dir='ltr'><strong><em>δῆμον.</em></strong></span> 
     </span>
    </p>

    <p class='ocr_par' dir='ltr' id='par_1_7' title="bbox 243 2360 1676 3920">
     <span class='ocr_line' id='line_1_20' title="bbox 340 2360 1665 2464; baseline 0.019 -39"><span class='ocrx_word' id='word_1_183' title='bbox 340 2360 432 2441; x_wconf 78' lang='lat' dir='ltr'><strong>Quae</strong></span> <span class='ocrx_word' id='word_1_184' title='bbox 452 2361 686 2446; x_wconf 89' lang='lat' dir='ltr'><strong>subsequuntur</strong></span> <span class='ocrx_word' id='word_1_185' title='bbox 706 2361 741 2426; x_wconf 92' lang='lat' dir='ltr'><strong>in</strong></span> <span class='ocrx_word' id='word_1_186' title='bbox 763 2381 879 2445; x_wconf 84' lang='lat' dir='ltr'><strong>graeco</strong></span> <span class='ocrx_word' id='word_1_187' title='bbox 902 2366 1048 2452; x_wconf 83' lang='lat' dir='ltr'><strong>exemplo</strong></span> <span class='ocrx_word' id='word_1_188' title='bbox 1070 2367 1137 2436; x_wconf 84' lang='lat' dir='ltr'><strong>fere</strong></span> <span class='ocrx_word' id='word_1_189' title='bbox 1158 2368 1287 2457; x_wconf 85' lang='lat' dir='ltr'><strong>integra</strong></span> <span class='ocrx_word' id='word_1_190' title='bbox 1309 2380 1431 2464; x_wconf 88' lang='lat' dir='ltr'><strong>extant,</strong></span> <span class='ocrx_word' id='word_1_191' title='bbox 1451 2378 1549 2448; x_wconf 91' lang='lat' dir='ltr'><strong>latini</strong></span> <span class='ocrx_word' id='word_1_192' title='bbox 1564 2382 1665 2452; x_wconf 90' lang='lat' dir='ltr'><strong>indicis</strong></span> 
     </span>
     <span class='ocr_line' id='line_1_21' title="bbox 251 2465 1665 2568; baseline 0.016 -33"><span class='ocrx_word' id='word_1_193' title='bbox 251 2471 363 2536; x_wconf 68' lang='lat' dir='ltr'><strong>brues</strong></span> <span class='ocrx_word' id='word_1_194' title='bbox 384 2466 548 2553; x_wconf 76' lang='lat' dir='ltr'><strong>reliquiae,</strong></span> <span class='ocrx_word' id='word_1_195' title='bbox 570 2465 836 2551; x_wconf 86' lang='lat' dir='ltr'><strong>quemadmodum</strong></span> <span class='ocrx_word' id='word_1_196' title='bbox 857 2470 989 2559; x_wconf 73' lang='lat' dir='ltr'><strong>retinui,</strong></span> <span class='ocrx_word' id='word_1_197' title='bbox 1020 2492 1150 2558; x_wconf 91' lang='lat' dir='ltr'><strong>prorsus</strong></span> <span class='ocrx_word' id='word_1_198' title='bbox 1180 2480 1374 2547; x_wconf 87' lang='lat' dir='ltr'><strong>conveniunt</strong></span> <span class='ocrx_word' id='word_1_199' title='bbox 1395 2502 1467 2550; x_wconf 92' lang='lat' dir='ltr'><strong>cum</strong></span> <span class='ocrx_word' id='word_1_200' title='bbox 1488 2505 1616 2568; x_wconf 72' lang='lat' dir='ltr'><strong>graeca</strong></span> <span class='ocrx_word' id='word_1_201' title='bbox 1634 2490 1665 2556; x_wconf 87' lang='lat' dir='ltr'><strong>in·</strong></span> 
     </span>
     <span class='ocr_line' id='line_1_22' title="bbox 250 2571 1665 2671; baseline 0.016 -31"><span class='ocrx_word' id='word_1_202' title='bbox 250 2573 492 2659; x_wconf 78' lang='lat' dir='ltr'><strong>terpretationez</strong></span> <span class='ocrx_word' id='word_1_203' title='bbox 521 2571 793 2661; x_wconf 57' lang='lat' dir='ltr'><strong>consulatumque</strong></span> <span class='ocrx_word' id='word_1_204' title='bbox 814 2575 894 2644; x_wconf 81' lang='lat' dir='ltr'><strong>mibi</strong></span> <span class='ocrx_word' id='word_1_205' title='bbox 916 2575 993 2664; x_wconf 76' lang='lat' dir='ltr'><strong>tlum</strong></span> <span class='ocrx_word' id='word_1_206' title='bbox 1023 2598 1166 2646; x_wconf 82' lang='lat' dir='ltr'><strong>curruum</strong></span> <span class='ocrx_word' id='word_1_207' title='bbox 1191 2581 1236 2671; x_wconf 72' lang='lat' dir='ltr'><strong>alt</strong></span> <span class='ocrx_word' id='word_1_208' title='bbox 1251 2594 1446 2669; x_wconf 78' lang='lat' dir='ltr'><strong>perpetuum</strong></span> <span class='ocrx_word' id='word_1_209' title='bbox 1467 2591 1587 2660; x_wconf 71' lang='lat' dir='ltr'><strong>duusu</strong></span> <span class='ocrx_word' id='word_1_210' title='bbox 1619 2615 1665 2662; x_wconf 83' lang='lat' dir='ltr'><strong>coo</strong></span> 
     </span>
     <span class='ocr_line' id='line_1_23' title="bbox 250 2675 1665 2780; baseline 0.016 -36"><span class='ocrx_word' id='word_1_211' title='bbox 250 2675 383 2766; x_wconf 60' lang='lat' dir='ltr'><strong>accept}</strong></span> <span class='ocrx_word' id='word_1_212' title='bbox 426 2677 513 2745; x_wconf 81' lang='lat' dir='ltr'><strong>OON</strong></span> <span class='ocrx_word' id='word_1_213' title='bbox 535 2678 684 2746; x_wconf 91' lang='lat' dir='ltr'><strong>Perrotus</strong></span> <span class='ocrx_word' id='word_1_214' title='bbox 706 2677 807 2764; x_wconf 87' lang='lat' dir='ltr'>(SOM</span> <span class='ocrx_word' id='word_1_215' title='bbox 828 2679 956 2769; x_wconf 88' lang='lat' dir='ltr'><strong>Mordt)</strong></span> <span class='ocrx_word' id='word_1_216' title='bbox 978 2689 1063 2751; x_wconf 87' lang='lat' dir='ltr'><strong>recte</strong></span> <span class='ocrx_word' id='word_1_217' title='bbox 1085 2684 1234 2773; x_wconf 83' lang='lat' dir='ltr'><strong>prodidit,</strong></span> <span class='ocrx_word' id='word_1_218' title='bbox 1268 2690 1323 2773; x_wconf 88' lang='lat' dir='ltr'><strong>qui</strong></span> <span class='ocrx_word' id='word_1_219' title='bbox 1352 2691 1469 2762; x_wconf 89' lang='lat' dir='ltr'><strong>deinde</strong></span> <span class='ocrx_word' id='word_1_220' title='bbox 1491 2697 1665 2780; x_wconf 79' lang='lat' dir='ltr'><strong>NNVVllll</strong></span> 
     </span>
     <span class='ocr_line' id='line_1_24' title="bbox 250 2782 1665 2891; baseline 0.015 -40"><span class='ocrx_word' id='word_1_221' title='bbox 250 2785 403 2870; x_wconf 68' lang='lat' dir='ltr'><strong>euomuit,</strong></span> <span class='ocrx_word' id='word_1_222' title='bbox 423 2783 482 2852; x_wconf 89' lang='lat' dir='ltr'><strong>sed</strong></span> <span class='ocrx_word' id='word_1_223' title='bbox 497 2783 622 2870; x_wconf 89' lang='lat' dir='ltr'><strong>plenius</strong></span> <span class='ocrx_word' id='word_1_224' title='bbox 637 2782 853 2851; x_wconf 84' lang='lat' dir='ltr'><strong>Mordtmanni</strong></span> <span class='ocrx_word' id='word_1_225' title='bbox 875 2788 1055 2873; x_wconf 85' lang='lat' dir='ltr'><strong>exemplum</strong></span> <span class='ocrx_word' id='word_1_226' title='bbox 1076 2790 1147 2858; x_wconf 89' lang='lat' dir='ltr'><strong>VM·</strong></span> <span class='ocrx_word' id='word_1_227' title='bbox 1168 2791 1350 2862; x_wconf 84' lang='lat' dir='ltr'>ANNVVM</span> <span class='ocrx_word' id='word_1_228' title='bbox 1369 2797 1434 2867; x_wconf 88' lang='lat' dir='ltr'><strong>fide</strong></span> <span class='ocrx_word' id='word_1_229' title='bbox 1456 2803 1594 2874; x_wconf 88' lang='lat' dir='ltr'><strong>omnino</strong></span> <span class='ocrx_word' id='word_1_230' title='bbox 1614 2805 1665 2891; x_wconf 83' lang='lat' dir='ltr'><strong>dig·</strong></span> 
     </span>
     <span class='ocr_line' id='line_1_25' title="bbox 250 2889 1664 2994; baseline 0.016 -38"><span class='ocrx_word' id='word_1_231' title='bbox 250 2909 336 2956; x_wconf 82' lang='lat' dir='ltr'><strong>nunu</strong></span> <span class='ocrx_word' id='word_1_232' title='bbox 378 2890 429 2956; x_wconf 93' lang='lat' dir='ltr'><strong>De</strong></span> <span class='ocrx_word' id='word_1_233' title='bbox 451 2889 618 2956; x_wconf 90' lang='lat' dir='ltr'><strong>consulatu</strong></span> <span class='ocrx_word' id='word_1_234' title='bbox 638 2894 713 2956; x_wconf 90' lang='lat' dir='ltr'><strong>tunc</strong></span> <span class='ocrx_word' id='word_1_235' title='bbox 741 2889 910 2977; x_wconf 88' lang='lat' dir='ltr'><strong>repudiato</strong></span> <span class='ocrx_word' id='word_1_236' title='bbox 938 2892 1019 2958; x_wconf 91' lang='lat' dir='ltr'><strong>nihil</strong></span> <span class='ocrx_word' id='word_1_237' title='bbox 1040 2902 1208 2980; x_wconf 88' lang='lat' dir='ltr'><strong>praeterea</strong></span> <span class='ocrx_word' id='word_1_238' title='bbox 1228 2902 1403 2972; x_wconf 88' lang='lat' dir='ltr'><strong>memoriae</strong></span> <span class='ocrx_word' id='word_1_239' title='bbox 1424 2911 1474 2974; x_wconf 89' lang='lat' dir='ltr'><strong>est</strong></span> <span class='ocrx_word' id='word_1_240' title='bbox 1494 2909 1664 2994; x_wconf 80' lang='lat' dir='ltr'><strong>proditum</strong></span> 
     </span>
     <span class='ocr_line' id='line_1_26' title="bbox 249 2992 1665 3105; baseline 0.016 -43"><span class='ocrx_word' id='word_1_241' title='bbox 249 3013 354 3080; x_wconf 86' lang='lat' dir='ltr'><strong>neque</strong></span> <span class='ocrx_word' id='word_1_242' title='bbox 379 2994 465 3062; x_wconf 91' lang='lat' dir='ltr'><strong>enim</strong></span> <span class='ocrx_word' id='word_1_243' title='bbox 493 2992 556 3060; x_wconf 88' lang='lat' dir='ltr'><strong>huc</strong></span> <span class='ocrx_word' id='word_1_244' title='bbox 577 2999 613 3060; x_wconf 91' lang='lat' dir='ltr'><strong>ut</strong></span> <span class='ocrx_word' id='word_1_245' title='bbox 633 2993 829 3062; x_wconf 90' lang='lat' dir='ltr'><strong>Mommseno</strong></span> <span class='ocrx_word' id='word_1_246' title='bbox 857 2997 962 3062; x_wconf 90' lang='lat' dir='ltr'><strong>visum</strong></span> <span class='ocrx_word' id='word_1_247' title='bbox 991 3005 1040 3065; x_wconf 91' lang='lat' dir='ltr'><strong>est</strong></span> <span class='ocrx_word' id='word_1_248' title='bbox 1061 2999 1229 3070; x_wconf 86' lang='lat' dir='ltr'><strong>referenda</strong></span> <span class='ocrx_word' id='word_1_249' title='bbox 1251 3012 1325 3073; x_wconf 91' lang='lat' dir='ltr'><strong>sunt</strong></span> <span class='ocrx_word' id='word_1_250' title='bbox 1346 3009 1462 3079; x_wconf 91' lang='lat' dir='ltr'><strong>Dionis</strong></span> <span class='ocrx_word' id='word_1_251' title='bbox 1483 3017 1593 3084; x_wconf 82' lang='lat' dir='ltr'><strong>verba</strong></span> <span class='ocrx_word' id='word_1_252' title='bbox 1615 3015 1665 3105; x_wconf 75' lang='lat' dir='ltr'><strong>(bl</strong></span> 
     </span>
     <span class='ocr_line' id='line_1_27' title="bbox 250 3097 1665 3208; baseline 0.017 -42"><span class='ocrx_word' id='word_1_253' title='bbox 250 3098 304 3188; x_wconf 89' lang='grc'><strong>1.),</strong></span> <span class='ocrx_word' id='word_1_254' title='bbox 338 3100 394 3185; x_wconf 90' lang='lat' dir='ltr'><strong>qui</strong></span> <span class='ocrx_word' id='word_1_255' title='bbox 423 3097 502 3166; x_wconf 90' lang='lat' dir='ltr'><strong>dicit</strong></span> <span class='ocrx_word' id='word_1_256' title='bbox 529 3098 656 3185; x_wconf 88' lang='lat' dir='ltr'><strong>plebem</strong></span> <span class='ocrx_word' id='word_1_257' title='bbox 685 3099 923 3169; x_wconf 88' lang='lat' dir='ltr'><strong>calamitatibus</strong></span> <span class='ocrx_word' id='word_1_258' title='bbox 952 3104 1095 3188; x_wconf 78' lang='lat' dir='ltr'><strong>graviter</strong></span> <span class='ocrx_word' id='word_1_259' title='bbox 1115 3114 1266 3176; x_wconf 70' lang='lat' dir='ltr'><strong>vexabm</strong></span> <span class='ocrx_word' id='word_1_260' title='bbox 1294 3133 1393 3198; x_wconf 84' lang='lat' dir='ltr'><strong>aegre</strong></span> <span class='ocrx_word' id='word_1_261' title='bbox 1424 3117 1558 3208; x_wconf 86' lang='lat' dir='ltr'><strong>tulisse,</strong></span> <span class='ocrx_word' id='word_1_262' title='bbox 1596 3119 1665 3208; x_wconf 86' lang='lat' dir='ltr'><strong>quod</strong></span> 
     </span>
     <span class='ocr_line' id='line_1_28' title="bbox 247 3203 1676 3299; baseline 0.019 -28"><span class='ocrx_word' id='word_1_263' title='bbox 247 3204 413 3290; x_wconf 84' lang='lat' dir='ltr'><strong>Augustus</strong></span> <span class='ocrx_word' id='word_1_264' title='bbox 440 3225 479 3272; x_wconf 93' lang='lat' dir='ltr'><strong>eo</strong></span> <span class='ocrx_word' id='word_1_265' title='bbox 501 3224 587 3272; x_wconf 89' lang='lat' dir='ltr'><strong>anno</strong></span> <span class='ocrx_word' id='word_1_266' title='bbox 617 3203 783 3272; x_wconf 88' lang='lat' dir='ltr'><strong>consulatu</strong></span> <span class='ocrx_word' id='word_1_267' title='bbox 812 3227 878 3273; x_wconf 90' lang='lat' dir='ltr'><strong>non</strong></span> <span class='ocrx_word' id='word_1_268' title='bbox 899 3206 1104 3298; x_wconf 83' lang='lat' dir='ltr'><strong>fungeretur,</strong></span> <span class='ocrx_word' id='word_1_269' title='bbox 1136 3233 1241 3299; x_wconf 88' lang='lat' dir='ltr'><strong>neque</strong></span> <span class='ocrx_word' id='word_1_270' title='bbox 1261 3217 1326 3285; x_wconf 93' lang='lat' dir='ltr'><strong>Dio</strong></span> <span class='ocrx_word' id='word_1_271' title='bbox 1348 3221 1464 3290; x_wconf 86' lang='lat' dir='ltr'><strong>erroris</strong></span> <span class='ocrx_word' id='word_1_272' title='bbox 1484 3223 1676 3298; x_wconf 72' lang='lat' dir='ltr'><strong>insimulor-5</strong></span> 
     </span>
     <span class='ocr_line' id='line_1_29' title="bbox 247 3307 1676 3417; baseline 0.019 -42"><span class='ocrx_word' id='word_1_273' title='bbox 247 3307 330 3397; x_wconf 89' lang='lat' dir='ltr'><strong>dus,</strong></span> <span class='ocrx_word' id='word_1_274' title='bbox 364 3310 420 3395; x_wconf 92' lang='lat' dir='ltr'><strong>qui</strong></span> <span class='ocrx_word' id='word_1_275' title='bbox 445 3315 616 3395; x_wconf 89' lang='lat' dir='ltr'><strong>propterea</strong></span> <span class='ocrx_word' id='word_1_276' title='bbox 636 3308 783 3394; x_wconf 82' lang='lat' dir='ltr'><strong>Augusto</strong></span> <span class='ocrx_word' id='word_1_277' title='bbox 813 3310 1003 3380; x_wconf 85' lang='lat' dir='ltr'><strong>dictaturam</strong></span> <span class='ocrx_word' id='word_1_278' title='bbox 1026 3315 1167 3384; x_wconf 85' lang='lat' dir='ltr'><strong>oblatam</strong></span> <span class='ocrx_word' id='word_1_279' title='bbox 1196 3338 1268 3388; x_wconf 89' lang='lat' dir='ltr'><strong>esse</strong></span> <span class='ocrx_word' id='word_1_280' title='bbox 1287 3330 1407 3392; x_wconf 82' lang='lat' dir='ltr'><strong>namet</strong></span> <span class='ocrx_word' id='word_1_281' title='bbox 1451 3328 1496 3396; x_wconf 91' lang='lat' dir='ltr'><strong>Ut</strong></span> <span class='ocrx_word' id='word_1_282' title='bbox 1515 3329 1595 3417; x_wconf 88' lang='lat' dir='ltr'><strong>ipsa</strong></span> <span class='ocrx_word' id='word_1_283' title='bbox 1615 3335 1676 3401; x_wconf 75' lang='lat' dir='ltr'><strong>Au·³</strong></span> 
     </span>
     <span class='ocr_line' id='line_1_30' title="bbox 247 3413 1676 3522; baseline 0.018 -42"><span class='ocrx_word' id='word_1_284' title='bbox 247 3420 360 3500; x_wconf 81' lang='lat' dir='ltr'><strong>gustus</strong></span> <span class='ocrx_word' id='word_1_285' title='bbox 380 3413 519 3500; x_wconf 85' lang='lat' dir='ltr'><strong>indicat,</strong></span> <span class='ocrx_word' id='word_1_286' title='bbox 551 3413 734 3480; x_wconf 89' lang='lat' dir='ltr'><strong>consulatus</strong></span> <span class='ocrx_word' id='word_1_287' title='bbox 754 3413 785 3480; x_wconf 91' lang='lat' dir='ltr'><strong>ci</strong></span> <span class='ocrx_word' id='word_1_288' title='bbox 807 3413 932 3484; x_wconf 85' lang='lat' dir='ltr'><strong>delatus</strong></span> <span class='ocrx_word' id='word_1_289' title='bbox 962 3425 1010 3485; x_wconf 90' lang='lat' dir='ltr'><strong>est</strong></span> <span class='ocrx_word' id='word_1_290' title='bbox 1030 3426 1200 3507; x_wconf 87' lang='lat' dir='ltr'><strong>postquam</strong></span> <span class='ocrx_word' id='word_1_291' title='bbox 1222 3424 1414 3497; x_wconf 88' lang='lat' dir='ltr'><strong>dictaturam</strong></span> <span class='ocrx_word' id='word_1_292' title='bbox 1434 3435 1628 3520; x_wconf 82' lang='lat' dir='ltr'><strong>repudiavit</strong></span> <span class='ocrx_word' id='word_1_293' title='bbox 1645 3444 1676 3522; x_wconf 59' lang='lat' dir='ltr'><strong>et,</strong></span> 
     </span>
     <span class='ocr_line' id='line_1_31' title="bbox 245 3517 1665 3629; baseline 0.019 -46"><span class='ocrx_word' id='word_1_294' title='bbox 245 3535 395 3584; x_wconf 74' lang='lat' dir='ltr'><strong>monae</strong></span> <span class='ocrx_word' id='word_1_295' title='bbox 417 3537 527 3584; x_wconf 87' lang='lat' dir='ltr'><strong>euram</strong></span> <span class='ocrx_word' id='word_1_296' title='bbox 548 3517 697 3602; x_wconf 85' lang='lat' dir='ltr'><strong>suscepit.</strong></span> <span class='ocrx_word' id='word_1_297' title='bbox 738 3517 801 3586; x_wconf 93' lang='lat' dir='ltr'><strong>Dio</strong></span> <span class='ocrx_word' id='word_1_298' title='bbox 822 3518 883 3587; x_wconf 91' lang='lat' dir='ltr'><strong>hoc</strong></span> <span class='ocrx_word' id='word_1_299' title='bbox 904 3525 1126 3614; x_wconf 85' lang='lat' dir='ltr'><strong>praetermisit,</strong></span> <span class='ocrx_word' id='word_1_300' title='bbox 1154 3528 1213 3596; x_wconf 90' lang='lat' dir='ltr'><strong>sed</strong></span> <span class='ocrx_word' id='word_1_301' title='bbox 1234 3532 1321 3616; x_wconf 88' lang='lat' dir='ltr'><strong>quod</strong></span> <span class='ocrx_word' id='word_1_302' title='bbox 1341 3534 1396 3602; x_wconf 92' lang='lat' dir='ltr'><strong>ille</strong></span> <span class='ocrx_word' id='word_1_303' title='bbox 1418 3536 1530 3626; x_wconf 89' lang='lat' dir='ltr'><strong>addit,</strong></span> <span class='ocrx_word' id='word_1_304' title='bbox 1567 3543 1665 3629; x_wconf 83' lang='lat' dir='ltr'><strong>Augu·</strong></span> 
     </span>
     <span class='ocr_line' id='line_1_32' title="bbox 245 3621 1666 3721; baseline 0.017 -31"><span class='ocrx_word' id='word_1_305' title='bbox 245 3627 330 3690; x_wconf 89' lang='lat' dir='ltr'><strong>stum</strong></span> <span class='ocrx_word' id='word_1_306' title='bbox 357 3641 524 3690; x_wconf 87' lang='lat' dir='ltr'><strong>censuram</strong></span> <span class='ocrx_word' id='word_1_307' title='bbox 552 3621 797 3707; x_wconf 88' lang='lat' dir='ltr'><strong>inperpetuum</strong></span> <span class='ocrx_word' id='word_1_308' title='bbox 824 3624 942 3710; x_wconf 90' lang='lat' dir='ltr'><strong>populo</strong></span> <span class='ocrx_word' id='word_1_309' title='bbox 971 3627 1125 3698; x_wconf 87' lang='lat' dir='ltr'><strong>offerente</strong></span> <span class='ocrx_word' id='word_1_310' title='bbox 1152 3632 1359 3721; x_wconf 88' lang='lat' dir='ltr'><strong>deprecatum</strong></span> <span class='ocrx_word' id='word_1_311' title='bbox 1379 3648 1413 3707; x_wconf 92' lang='lat' dir='ltr'><strong>ct</strong></span> <span class='ocrx_word' id='word_1_312' title='bbox 1433 3643 1546 3712; x_wconf 88' lang='lat' dir='ltr'><strong>statim</strong></span> <span class='ocrx_word' id='word_1_313' title='bbox 1568 3647 1666 3716; x_wconf 87' lang='lat' dir='ltr'><strong>Aeni·</strong></span> 
     </span>
     <span class='ocr_line' id='line_1_33' title="bbox 244 3725 1666 3840; baseline 0.018 -45"><span class='ocrx_word' id='word_1_314' title='bbox 244 3727 324 3796; x_wconf 89' lang='lat' dir='ltr'><strong>lium</strong></span> <span class='ocrx_word' id='word_1_315' title='bbox 344 3729 492 3797; x_wconf 89' lang='lat' dir='ltr'><strong>Paullum</strong></span> <span class='ocrx_word' id='word_1_316' title='bbox 513 3732 545 3796; x_wconf 89' lang='lat' dir='ltr'><strong>at</strong></span> <span class='ocrx_word' id='word_1_317' title='bbox 565 3725 744 3794; x_wconf 84' lang='lat' dir='ltr'><strong>Munatium</strong></span> <span class='ocrx_word' id='word_1_318' title='bbox 765 3727 921 3795; x_wconf 89' lang='lat' dir='ltr'><strong>Plancum</strong></span> <span class='ocrx_word' id='word_1_319' title='bbox 943 3750 1091 3802; x_wconf 82' lang='lat' dir='ltr'><strong>censores</strong></span> <span class='ocrx_word' id='word_1_320' title='bbox 1112 3735 1336 3825; x_wconf 81' lang='lat' dir='ltr'><strong>designavisse</strong></span> <span class='ocrx_word' id='word_1_321' title='bbox 1357 3743 1454 3835; x_wconf 80' lang='lat' dir='ltr'><strong>(LIV,</strong></span> <span class='ocrx_word' id='word_1_322' title='bbox 1469 3746 1515 3836; x_wconf 80' lang='lat'><strong>2),</strong></span> <span class='ocrx_word' id='word_1_323' title='bbox 1539 3751 1617 3840; x_wconf 88' lang='lat' dir='ltr'><strong>ejus</strong></span> <span class='ocrx_word' id='word_1_324' title='bbox 1630 3750 1666 3821; x_wconf 87' lang='lat' dir='ltr'><strong>rei</strong></span> 
     </span>
     <span class='ocr_line' id='line_1_34' title="bbox 243 3830 1059 3920; baseline 0.012 -24"><span class='ocrx_word' id='word_1_325' title='bbox 243 3833 409 3920; x_wconf 82' lang='lat' dir='ltr'><strong>Augustus</strong></span> <span class='ocrx_word' id='word_1_326' title='bbox 429 3833 464 3899; x_wconf 91' lang='lat' dir='ltr'><strong>in</strong></span> <span class='ocrx_word' id='word_1_327' title='bbox 484 3832 591 3900; x_wconf 89' lang='lat' dir='ltr'><strong>indice</strong></span> <span class='ocrx_word' id='word_1_328' title='bbox 611 3830 735 3898; x_wconf 88' lang='lat' dir='ltr'><strong>nullam</strong></span> <span class='ocrx_word' id='word_1_329' title='bbox 758 3830 837 3899; x_wconf 88' lang='lat' dir='ltr'><strong>facit</strong></span> <span class='ocrx_word' id='word_1_330' title='bbox 857 3836 1059 3906; x_wconf 83' lang='lat' dir='ltr'><strong>mentionem</strong></span> 
     </span>
    </p>

    <p class='ocr_par' dir='ltr' id='par_1_8' title="bbox 242 3938 1665 4150">
     <span class='ocr_line' id='line_1_35' title="bbox 329 3938 1665 4037; baseline 0.019 -33"><span class='ocrx_word' id='word_1_331' title='bbox 329 3938 485 4006; x_wconf 84' lang='lat' dir='ltr'><strong>Absolute</strong></span> <span class='ocrx_word' id='word_1_332' title='bbox 515 3938 741 4006; x_wconf 87' lang='lat' dir='ltr'><strong>commentario</strong></span> <span class='ocrx_word' id='word_1_333' title='bbox 771 3944 885 4006; x_wconf 84' lang='lat' dir='ltr'><strong>nactus</strong></span> <span class='ocrx_word' id='word_1_334' title='bbox 913 3961 984 4009; x_wconf 89' lang='lat' dir='ltr'><strong>sum</strong></span> <span class='ocrx_word' id='word_1_335' title='bbox 1004 3943 1043 4010; x_wconf 89' lang='lat' dir='ltr'><strong>A.</strong></span> <span class='ocrx_word' id='word_1_336' title='bbox 1064 3943 1114 4012; x_wconf 90' lang='lat' dir='ltr'><strong>W.</strong></span> <span class='ocrx_word' id='word_1_337' title='bbox 1137 3947 1278 4037; x_wconf 86' lang='lat' dir='ltr'><strong>Zumptii</strong></span> <span class='ocrx_word' id='word_1_338' title='bbox 1307 3957 1616 4028; x_wconf 89' lang='lat' dir='ltr'><strong>commentationem</strong></span> <span class='ocrx_word' id='word_1_339' title='bbox 1636 3961 1665 4029; x_wconf 89' lang='lat' dir='ltr'><strong>de</strong></span> 
     </span>
     <span class='ocr_line' id='line_1_36' title="bbox 242 4041 1664 4150; baseline 0.018 -43"><span class='ocrx_word' id='word_1_340' title='bbox 242 4047 446 4111; x_wconf 88' lang='lat' dir='ltr'><strong>monumento</strong></span> <span class='ocrx_word' id='word_1_341' title='bbox 467 4041 639 4130; x_wconf 87' lang='lat' dir='ltr'><strong>Ancyrano</strong></span> <span class='ocrx_word' id='word_1_342' title='bbox 673 4043 851 4131; x_wconf 88' lang='lat' dir='ltr'><strong>supplendo</strong></span> <span class='ocrx_word' id='word_1_343' title='bbox 881 4044 1000 4134; x_wconf 80' lang='lat' dir='ltr'><strong>(Berol</strong></span> <span class='ocrx_word' id='word_1_344' title='bbox 1024 4047 1133 4138; x_wconf 82' lang='lat'><strong>1869),</strong></span> <span class='ocrx_word' id='word_1_345' title='bbox 1166 4052 1201 4118; x_wconf 88' lang='lat' dir='ltr'><strong>in</strong></span> <span class='ocrx_word' id='word_1_346' title='bbox 1222 4074 1286 4139; x_wconf 86' lang='lat' dir='ltr'><strong>qua</strong></span> <span class='ocrx_word' id='word_1_347' title='bbox 1313 4055 1354 4126; x_wconf 91' lang='lat' dir='ltr'><strong>de</strong></span> <span class='ocrx_word' id='word_1_348' title='bbox 1375 4058 1436 4127; x_wconf 93' lang='lat' dir='ltr'><strong>hoc</strong></span> <span class='ocrx_word' id='word_1_349' title='bbox 1457 4063 1569 4150; x_wconf 88' lang='lat' dir='ltr'><strong>capite</strong></span> <span class='ocrx_word' id='word_1_350' title='bbox 1593 4067 1664 4135; x_wconf 87' lang='lat' dir='ltr'><strong>Vel</strong></span> 
     </span>
    </p>
   </div>
   <div class='ocr_carea' id='block_1_7' title="bbox 236 4288 1676 4922">
    <p class='ocr_par' dir='ltr' id='par_1_9' title="bbox 242 4288 1676 4476">
     <span class='ocr_line' id='line_1_37' title="bbox 313 4288 1676 4386; baseline 0.023 -43"><span class='ocrx_word' id='word_1_351' title='bbox 313 4288 341 4360; x_wconf 92' lang='lat'><strong>1)</strong></span> <span class='ocrx_word' id='word_1_352' title='bbox 360 4289 556 4361; x_wconf 82' lang='lat' dir='ltr'><strong>Metaphrasta</strong></span> <span class='ocrx_word' id='word_1_353' title='bbox 573 4307 667 4345; x_wconf 86' lang='lat' dir='ltr'><strong>curam</strong></span> <span class='ocrx_word' id='word_1_354' title='bbox 686 4307 809 4345; x_wconf 85' lang='lat' dir='ltr'><strong>auuoucc</strong></span> <span class='ocrx_word' id='word_1_355' title='bbox 828 4292 922 4350; x_wconf 89' lang='lat' dir='ltr'><strong>minus</strong></span> <span class='ocrx_word' id='word_1_356' title='bbox 934 4295 1011 4353; x_wconf 88' lang='lat' dir='ltr'><strong>recte</strong></span> <span class='ocrx_word' id='word_1_357' title='bbox 1029 4297 1181 4373; x_wconf 74' lang='grc' dir='ltr'><strong>ἐπιμέλειαν</strong></span> <span class='ocrx_word' id='word_1_358' title='bbox 1198 4301 1239 4368; x_wconf 73' lang='grc' dir='ltr'><strong>τῆς</strong></span> <span class='ocrx_word' id='word_1_359' title='bbox 1257 4302 1362 4378; x_wconf 76' lang='grc' dir='ltr'><em>ἀγορᾶς</em></span> <span class='ocrx_word' id='word_1_360' title='bbox 1380 4306 1603 4386; x_wconf 82' lang='lat' dir='ltr'><strong>interpretatur,</strong></span> <span class='ocrx_word' id='word_1_361' title='bbox 1622 4291 1676 4376; x_wconf 80' lang='lat' dir='ltr'><strong>niel</strong></span> 
     </span>
     <span class='ocr_line' id='line_1_38' title="bbox 242 4375 882 4453; baseline 0.016 -21"><span class='ocrx_word' id='word_1_362' title='bbox 242 4375 403 4449; x_wconf 80' lang='lat' dir='ltr'><strong>Augustum</strong></span> <span class='ocrx_word' id='word_1_363' title='bbox 421 4378 574 4452; x_wconf 68' lang='grc' dir='ltr'><strong>ἐπιμελητὴν</strong></span> <span class='ocrx_word' id='word_1_364' title='bbox 590 4381 636 4434; x_wconf 74' lang='grc' dir='ltr'><strong>τοῦ</strong></span> <span class='ocrx_word' id='word_1_365' title='bbox 654 4382 726 4434; x_wconf 77' lang='lat' dir='ltr'><strong>circu</strong></span> <span class='ocrx_word' id='word_1_366' title='bbox 745 4382 882 4453; x_wconf 81' lang='lat' dir='ltr'><strong>appellat.</strong></span> 
     </span>
    </p>

    <p class='ocr_par' dir='ltr' id='par_1_10' title="bbox 236 4466 1676 4922">
     <span class='ocr_line' id='line_1_39' title="bbox 315 4466 1676 4565; baseline 0.021 -43"><span class='ocrx_word' id='word_1_367' title='bbox 315 4466 343 4537; x_wconf 78' lang='lat'><strong>2)</strong></span> <span class='ocrx_word' id='word_1_368' title='bbox 362 4467 514 4525; x_wconf 77' lang='lat' dir='ltr'><strong>Citeriores</strong></span> <span class='ocrx_word' id='word_1_369' title='bbox 533 4469 683 4542; x_wconf 87' lang='lat' dir='ltr'><strong>scriptores</strong></span> <span class='ocrx_word' id='word_1_370' title='bbox 701 4473 847 4542; x_wconf 82' lang='lat' dir='ltr'><strong>sumptsbus</strong></span> <span class='ocrx_word' id='word_1_371' title='bbox 864 4474 926 4540; x_wconf 76' lang='lat' dir='ltr'><strong>sub,</strong></span> <span class='ocrx_word' id='word_1_372' title='bbox 951 4477 1066 4546; x_wconf 78' lang='lat' dir='ltr'><strong>publicis</strong></span> <span class='ocrx_word' id='word_1_373' title='bbox 1082 4482 1236 4554; x_wconf 68' lang='lat' dir='ltr'><strong>sumptibus,</strong></span> <span class='ocrx_word' id='word_1_374' title='bbox 1258 4484 1316 4542; x_wconf 86' lang='lat' dir='ltr'><strong>alia</strong></span> <span class='ocrx_word' id='word_1_375' title='bbox 1334 4485 1364 4542; x_wconf 87' lang='lat' dir='ltr'><strong>id</strong></span> <span class='ocrx_word' id='word_1_376' title='bbox 1384 4506 1473 4560; x_wconf 86' lang='lat' dir='ltr'><strong>genus</strong></span> <span class='ocrx_word' id='word_1_377' title='bbox 1491 4491 1607 4565; x_wconf 87' lang='lat' dir='ltr'><strong>dicunt,</strong></span> <span class='ocrx_word' id='word_1_378' title='bbox 1627 4477 1676 4553; x_wconf 58' lang='lat' dir='ltr'><strong>se}</strong></span> 
     </span>
     <span class='ocr_line' id='line_1_40' title="bbox 238 4554 1676 4658; baseline 0.021 -47"><span class='ocrx_word' id='word_1_379' title='bbox 238 4554 284 4611; x_wconf 88' lang='lat' dir='ltr'><strong>lut</strong></span> <span class='ocrx_word' id='word_1_380' title='bbox 302 4555 412 4612; x_wconf 90' lang='lat' dir='ltr'><strong>Plinius</strong></span> <span class='ocrx_word' id='word_1_381' title='bbox 430 4557 462 4613; x_wconf 92' lang='lat' dir='ltr'><strong>in</strong></span> <span class='ocrx_word' id='word_1_382' title='bbox 479 4555 584 4629; x_wconf 84' lang='lat' dir='ltr'><strong>Paneg.</strong></span> <span class='ocrx_word' id='word_1_383' title='bbox 603 4558 646 4614; x_wconf 78' lang='lat'><strong>26.</strong></span> <span class='ocrx_word' id='word_1_384' title='bbox 665 4559 708 4625; x_wconf 83' lang='lat'><strong>28,</strong></span> <span class='ocrx_word' id='word_1_385' title='bbox 739 4561 816 4631; x_wconf 87' lang='lat' dir='ltr'><strong>apud</strong></span> <span class='ocrx_word' id='word_1_386' title='bbox 840 4562 973 4634; x_wconf 88' lang='lat' dir='ltr'><strong>antiquos</strong></span> <span class='ocrx_word' id='word_1_387' title='bbox 999 4567 1049 4622; x_wconf 91' lang='lat' dir='ltr'><strong>ubi</strong></span> <span class='ocrx_word' id='word_1_388' title='bbox 1073 4569 1233 4640; x_wconf 81' lang='lat' dir='ltr'><strong>plurativus</strong></span> <span class='ocrx_word' id='word_1_389' title='bbox 1257 4593 1390 4632; x_wconf 87' lang='lat' dir='ltr'><strong>numerus</strong></span> <span class='ocrx_word' id='word_1_390' title='bbox 1412 4578 1586 4652; x_wconf 81' lang='lat' dir='ltr'><strong>adhibetur,</strong></span> <span class='ocrx_word' id='word_1_391' title='bbox 1615 4587 1676 4658; x_wconf 51' lang='lat' dir='ltr'><strong>serap</strong></span> 
     </span>
     <span class='ocr_line' id='line_1_41' title="bbox 237 4643 1676 4741; baseline 0.024 -43"><span class='ocrx_word' id='word_1_392' title='bbox 237 4643 409 4716; x_wconf 87' lang='lat' dir='ltr'><strong>profusionis</strong></span> <span class='ocrx_word' id='word_1_393' title='bbox 427 4647 608 4720; x_wconf 84' lang='lat' dir='ltr'><strong>exprobratio</strong></span> <span class='ocrx_word' id='word_1_394' title='bbox 626 4647 764 4716; x_wconf 88' lang='lat' dir='ltr'><strong>inhaeret,</strong></span> <span class='ocrx_word' id='word_1_395' title='bbox 777 4649 819 4706; x_wconf 76' lang='lat' dir='ltr'><strong>id</strong></span> <span class='ocrx_word' id='word_1_396' title='bbox 837 4653 913 4722; x_wconf 89' lang='lat' dir='ltr'><strong>quod</strong></span> <span class='ocrx_word' id='word_1_397' title='bbox 932 4654 1019 4711; x_wconf 83' lang='lat' dir='ltr'><strong>etiam</strong></span> <span class='ocrx_word' id='word_1_398' title='bbox 1038 4658 1116 4714; x_wconf 86' lang='lat' dir='ltr'><strong>cedit</strong></span> <span class='ocrx_word' id='word_1_399' title='bbox 1134 4661 1164 4718; x_wconf 91' lang='lat' dir='ltr'><strong>in</strong></span> <span class='ocrx_word' id='word_1_400' title='bbox 1182 4667 1321 4737; x_wconf 87' lang='lat' dir='ltr'><strong>exempla,</strong></span> <span class='ocrx_word' id='word_1_401' title='bbox 1341 4667 1438 4736; x_wconf 85' lang='lat' dir='ltr'><strong>qualia</strong></span> <span class='ocrx_word' id='word_1_402' title='bbox 1457 4671 1535 4741; x_wconf 87' lang='lat' dir='ltr'><strong>apud</strong></span> <span class='ocrx_word' id='word_1_403' title='bbox 1554 4674 1617 4732; x_wconf 82' lang='lat' dir='ltr'><strong>Oia.</strong></span> <span class='ocrx_word' id='word_1_404' title='bbox 1635 4661 1676 4732; x_wconf 58' lang='lat' dir='ltr'><strong>ad3</strong></span> 
     </span>
     <span class='ocr_line' id='line_1_42' title="bbox 238 4732 1676 4838; baseline 0.017 -49"><span class='ocrx_word' id='word_1_405' title='bbox 238 4732 327 4790; x_wconf 82' lang='lat' dir='ltr'><strong>Attio.</strong></span> <span class='ocrx_word' id='word_1_406' title='bbox 345 4735 381 4802; x_wconf 90' lang='lat'><strong>11,</strong></span> <span class='ocrx_word' id='word_1_407' title='bbox 403 4737 438 4792; x_wconf 83' lang='lat'><strong>32</strong></span> <span class='ocrx_word' id='word_1_408' title='bbox 457 4739 487 4794; x_wconf 89' lang='lat' dir='ltr'><strong>et</strong></span> <span class='ocrx_word' id='word_1_409' title='bbox 505 4737 540 4792; x_wconf 90' lang='lat' dir='ltr'><strong>dc</strong></span> <span class='ocrx_word' id='word_1_410' title='bbox 558 4736 622 4810; x_wconf 84' lang='lat' dir='ltr'><strong>lege</strong></span> <span class='ocrx_word' id='word_1_411' title='bbox 640 4755 732 4810; x_wconf 79' lang='lat' dir='ltr'><strong>agrar.</strong></span> <span class='ocrx_word' id='word_1_412' title='bbox 750 4739 787 4806; x_wconf 88' lang='lat' dir='ltr'><strong>H,</strong></span> <span class='ocrx_word' id='word_1_413' title='bbox 806 4740 842 4796; x_wconf 85' lang='lat'><strong>28</strong></span> <span class='ocrx_word' id='word_1_414' title='bbox 866 4741 1014 4814; x_wconf 83' lang='lat' dir='ltr'><strong>leguntur:</strong></span> <span class='ocrx_word' id='word_1_415' title='bbox 1046 4765 1112 4804; x_wconf 88' lang='lat' dir='ltr'><strong>nam</strong></span> <span class='ocrx_word' id='word_1_416' title='bbox 1129 4752 1271 4810; x_wconf 84' lang='lat' dir='ltr'><strong>rationem</strong></span> <span class='ocrx_word' id='word_1_417' title='bbox 1288 4756 1377 4814; x_wconf 86' lang='lat' dir='ltr'><strong>habet</strong></span> <span class='ocrx_word' id='word_1_418' title='bbox 1394 4758 1551 4832; x_wconf 78' lang='lat' dir='ltr'><strong>impendent</strong></span> <span class='ocrx_word' id='word_1_419' title='bbox 1568 4764 1676 4838; x_wconf 58' lang='lat' dir='ltr'><strong>influit.</strong></span> 
     </span>
     <span class='ocr_line' id='line_1_43' title="bbox 236 4823 1662 4922; baseline 0.025 -46"><span class='ocrx_word' id='word_1_420' title='bbox 236 4829 358 4892; x_wconf 84' lang='lat' dir='ltr'><strong>sumptus</strong></span> <span class='ocrx_word' id='word_1_421' title='bbox 375 4823 412 4880; x_wconf 88' lang='lat' dir='ltr'><strong>ad</strong></span> <span class='ocrx_word' id='word_1_422' title='bbox 431 4825 511 4881; x_wconf 77' lang='lat' dir='ltr'><strong>Brut</strong></span> <span class='ocrx_word' id='word_1_423' title='bbox 528 4825 550 4894; x_wconf 92' lang='lat' dir='ltr'><strong>I,</strong></span> <span class='ocrx_word' id='word_1_424' title='bbox 570 4827 604 4883; x_wconf 87' lang='lat'><strong>18</strong></span> <span class='ocrx_word' id='word_1_425' title='bbox 622 4829 669 4884; x_wconf 83' lang='lat' dir='ltr'><strong>vel</strong></span> <span class='ocrx_word' id='word_1_426' title='bbox 691 4835 839 4901; x_wconf 77' lang='lat' dir='ltr'><strong>perpetum</strong></span> <span class='ocrx_word' id='word_1_427' title='bbox 856 4839 978 4904; x_wconf 83' lang='lat' dir='ltr'><strong>sumptus</strong></span> <span class='ocrx_word' id='word_1_428' title='bbox 994 4839 1164 4908; x_wconf 73' lang='lat' dir='ltr'><strong>suppeditare</strong></span> <span class='ocrx_word' id='word_1_429' title='bbox 1189 4841 1224 4900; x_wconf 90' lang='lat' dir='ltr'><strong>de</strong></span> <span class='ocrx_word' id='word_1_430' title='bbox 1248 4845 1320 4902; x_wconf 84' lang='lat' dir='ltr'><strong>offic.</strong></span> <span class='ocrx_word' id='word_1_431' title='bbox 1338 4847 1375 4914; x_wconf 88' lang='lat' dir='ltr'><strong>H,</strong></span> <span class='ocrx_word' id='word_1_432' title='bbox 1396 4847 1438 4916; x_wconf 81' lang='lat'><strong>12,</strong></span> <span class='ocrx_word' id='word_1_433' title='bbox 1467 4868 1563 4922; x_wconf 86' lang='lat' dir='ltr'><strong>neque</strong></span> <span class='ocrx_word' id='word_1_434' title='bbox 1584 4856 1662 4910; x_wconf 86' lang='lat' dir='ltr'><strong>aliter</strong></span> 
     </span>
    </p>
   </div>
   <div class='ocr_carea' id='block_1_8' title="bbox 233 4911 1676 5061">
    <p class='ocr_par' dir='ltr' id='par_1_11' title="bbox 233 4911 1676 5061">
     <span class='ocr_line' id='line_1_44' title="bbox 237 4911 1676 5017; baseline 0.023 -49"><span class='ocrx_word' id='word_1_435' title='bbox 237 4911 352 4968; x_wconf 85' lang='lat' dir='ltr'><strong>Sallust</strong></span> <span class='ocrx_word' id='word_1_436' title='bbox 370 4913 477 4972; x_wconf 85' lang='lat' dir='ltr'><strong>Hister.</strong></span> <span class='ocrx_word' id='word_1_437' title='bbox 493 4915 530 4974; x_wconf 90' lang='lat'><strong>11.</strong></span> <span class='ocrx_word' id='word_1_438' title='bbox 548 4935 577 4990; x_wconf 87' lang='lat' dir='ltr'><strong>p.</strong></span> <span class='ocrx_word' id='word_1_439' title='bbox 597 4918 648 4976; x_wconf 80' lang='lat'><strong>167</strong></span> <span class='ocrx_word' id='word_1_440' title='bbox 667 4919 711 4976; x_wconf 88' lang='lat' dir='ltr'><strong>ed.</strong></span> <span class='ocrx_word' id='word_1_441' title='bbox 729 4921 779 4977; x_wconf 85' lang='lat' dir='ltr'><strong>Kr.</strong></span> <span class='ocrx_word' id='word_1_442' title='bbox 797 4922 936 4994; x_wconf 41' lang='lat' dir='ltr'><strong>vacuabit</strong></span> <span class='ocrx_word' id='word_1_443' title='bbox 954 4943 1044 4996; x_wconf 82' lang='lat' dir='ltr'><strong>porca</strong></span> <span class='ocrx_word' id='word_1_444' title='bbox 1062 4933 1088 4983; x_wconf 84' lang='lat' dir='ltr'><strong>et</strong></span> <span class='ocrx_word' id='word_1_445' title='bbox 1105 4930 1176 4986; x_wconf 71' lang='lat' dir='ltr'><strong>cous</strong></span> <span class='ocrx_word' id='word_1_446' title='bbox 1199 4934 1301 4992; x_wconf 77' lang='lat' dir='ltr'><strong>incerta</strong></span> <span class='ocrx_word' id='word_1_447' title='bbox 1319 4937 1366 4992; x_wconf 66' lang='lat' dir='ltr'><strong>osb</strong></span> <span class='ocrx_word' id='word_1_448' title='bbox 1379 4943 1492 5010; x_wconf 76' lang='lat' dir='ltr'><strong>parum</strong></span> <span class='ocrx_word' id='word_1_449' title='bbox 1508 4952 1660 5017; x_wconf 73' lang='lat' dir='ltr'><strong>sumptuum</strong></span> <span class='ocrx_word' id='word_1_450' title='bbox 1675 4923 1676 4982; x_wconf 61' lang='lat' dir='ltr'><strong>i</strong></span> 
     </span>
     <span class='ocr_line' id='line_1_45' title="bbox 233 5002 372 5061; baseline 0.022 -2"><span class='ocrx_word' id='word_1_451' title='bbox 233 5002 372 5061; x_wconf 59' lang='lat' dir='ltr'><strong>suamet.</strong></span> 
     </span>
    </p>
   </div>
   <div class='ocr_carea' id='block_1_9' title="bbox 0 0 1696 5510">
    <p class='ocr_par' dir='ltr' id='par_1_12' title="bbox 0 0 1696 5510">
     <span class='ocr_line' id='line_1_46' title="bbox 0 0 1696 5510; baseline 0 5"><span class='ocrx_word' id='word_1_452' title='bbox 0 0 1696 5510; x_wconf 95' lang='lat' dir='ltr'><strong> </strong></span> 
     </span>
    </p>
   </div>
  </div>
 </body>
</html>
