3384 5510
705 305 751 378 at

17 487 54 551 at
73 479 108 551 ta
126 486 323 567 papauera
343 477 535 549 admistae
551 477 724 564 potestatis
745 483 842 564 earet,
873 481 1031 546 araas
1060 475 1220 548 δοσνοδσον
1248 482 1305 562 est,
1339 497 1447 568 aquo

17 588 181 675 exempla
198 609 264 656 non
293 586 426 653 multum
446 584 598 653 abhorret
619 585 727 652 Aurei.
748 585 830 651 viat.
853 583 946 651 Gaas.
970 583 1005 649 1:
1040 590 1137 666 poter
1159 586 1293 668 pariae
1322 586 1360 652 ob
1382 587 1447 660 cle-

18 695 169 761 meatr'om
199 714 237 760 aa
267 693 442 760 tribuateis
465 697 626 775 potestate
642 696 802 774 perpetuo
823 690 972 770 debitam
1001 708 1140 774 namque
1169 690 1252 758 alias
1283 691 1444 774 genitivus

18 805 73 865 ant
94 797 258 866 ablativus
278 799 366 866 solus
388 797 558 866 adhibetur
572 796 599 880 ¹)
622 796 772 863 adhunc
794 795 946 862 honorem
968 793 1224 881 designandum,
1257 795 1318 864 hoc
1339 801 1447 865 auam

16 903 87 972 loeo
109 907 210 972 verbo
232 907 361 972 omnino
383 925 448 971 non
468 922 637 990 possumus
659 922 777 968 carere.

102 1035 143 1101 In
155 1037 279 1103 Graeco
294 1037 439 1122 exemplo
453 1037 571 1121 legitur
581 1039 665 1100 VAE
671 1036 738 1118 llll
745 1037 865 1118 ΙΟΤΕ,
883 1035 958 1102 hinc
968 1035 1182 1103 Mommsenus
1199 1030 1374 1124 [δπδαεοσα
1386 1035 1448 1117 τρί-

17 1159 70 1203 ιον
91 1137 160 1228 alat
182 1137 350 1230 δέα[ανο]ν,
385 1139 435 1205 ὅτε
457 1140 566 1227 edidit,
589 1139 647 1206 sed
665 1139 870 1206 interstitium
883 1146 930 1207 tot
944 1140 1120 1206 litterarum
1135 1160 1199 1206 non
1213 1145 1262 1206 est
1276 1161 1391 1227 capax,
1413 1146 1450 1206 nt

18 1245 173 1331 conjicias
196 1243 311 1334 optrolo
333 1245 500 1335 δδα[ατο]ν,
522 1252 557 1312 at
577 1245 689 1311 tertios
708 1243 849 1313 decimus
860 1245 998 1331 Augusti
1018 1247 1201 1315 consulatus
1218 1246 1275 1313 ubi
1289 1247 1324 1311 in
1346 1245 1447 1311 latino

17 1349 123 1418 indiae
140 1356 334 1416 memoratur
348 1351 420 1438 (III,
434 1353 484 1436 19,
496 1352 551 1438 IV,
563 1352 615 1436 38,
629 1351 682 1435 VI,
693 1351 750 1438 24)
765 1350 923 1438 interpres
942 1355 1006 1438 τρῖς
1020 1356 1073 1416 καὶ
1092 1350 1226 1418 δέκατον
1243 1351 1382 1420 seribere
1398 1371 1448 1418 so·

17 1453 77 1521 letr
99 1473 204 1540 neque
221 1476 299 1523 vero
315 1455 389 1522 huic
410 1456 480 1523 looo
503 1462 612 1541 aptum
635 1454 755 1522 ordinis
777 1457 977 1543 vocabulum,
999 1479 1075 1523 narn
1096 1479 1160 1526 non
1182 1479 1267 1525 anno
1288 1458 1361 1543 767,
1384 1475 1447 1541 quo

19 1561 98 1629 haee
115 1563 244 1650 scripsit
252 1562 425 1646 Augustus,
446 1559 505 1627 sed
523 1579 552 1626 a.
565 1560 629 1626 752
647 1561 846 1627 consulatum
859 1562 941 1626 XIII
957 1562 1066 1647 gessit,
1080 1563 1143 1629 nisi
1155 1562 1236 1629 forte
1253 1561 1368 1628 credas
1383 1581 1448 1627 me-

19 1666 221 1753 taphrastam
237 1688 302 1733 non
321 1666 401 1732 satis
418 1671 504 1731 reete
519 1664 762 1750 interpretatum
777 1665 879 1730 latina
892 1666 993 1732 verba
1010 1666 1176 1752 scripsisse
1199 1663 1371 1754 [δπδαοον
1385 1669 1450 1750 τρὶς

19 1770 85 1860 odat
105 1769 277 1861 osqawp,
311 1792 388 1837 nam
409 1767 575 1833 andreaea
602 1772 667 1852 τρὶς
696 1767 779 1856 (sive
800 1771 918 1858 τρίτον)
947 1775 1000 1834 καὶ
1024 1769 1155 1836 δέκατον
1184 1771 1335 1857 quoniam
1365 1790 1449 1855 quae

21 1875 158 1944 adversa
181 1877 286 1944 fronte
306 1877 389 1943 inter
411 1895 446 1942 se
467 1879 614 1960 pugnant
637 1874 826 1960 copulantur
854 1876 982 1942 omnino
1003 1876 1230 1963 rejiciendum3
1263 1874 1321 1942 sed
1342 1877 1449 1960 magis

19 1981 194 2048 verisimile
215 1980 431 2048 describentes
453 1980 575 2045 litteras
598 1977 755 2046 evanidas
777 2000 842 2047 non
864 1981 943 2046 satis
971 1987 1057 2048 recte
1087 1980 1313 2066 delineavisse,
1344 1999 1443 2066 quem

19 2089 225 2176 interpretem
247 2086 465 2171 aberravisse,
495 2093 594 2169 quare
624 2079 789 2149 δπδτενσα
810 2087 875 2172 τρὶς
895 2083 963 2190 alat
984 2083 1137 2190 dsa[da]r
1158 2085 1280 2174 scripsi

664 2435 745 2524 dap.
767 2432 810 2504 V.

106 2608 267 2676 Graecum
287 2608 468 2694 exemplum
490 2605 697 2687 αὐτεξούσιον
720 2607 822 2695 dexto
846 2658 853 2673 .
878 2655 885 2672 .
910 2651 919 2670 .
942 2603 1116 2692 διδομένην
1136 2603 1204 2672 δπδ
1220 2629 1252 2671 τε
1266 2608 1322 2672 τοῦ
1345 2603 1448 2694 dqpoo

23 2715 74 2776 ael
102 2718 156 2800 τῆς
186 2713 360 2801 σονκλήνον
389 2719 515 2781 secutus
540 2715 637 2796 jassa
664 2715 783 2797 papali
812 2718 842 2781 et
871 2719 1002 2779 secatus
1029 2711 1143 2798 scripsi
1157 2709 1192 2800 Ι),
1226 2729 1329 2796 neque
1362 2713 1448 2778 enim

22 2815 216 2888 Mommsena
239 2821 487 2908 obsequendum,
509 2823 563 2906 qui
584 2822 714 2889 invertit
736 2821 880 2889 ordinem
904 2843 925 2888 a
946 2825 1060 2887 senata
1071 2822 1272 2903 populoque:
1296 2841 1335 2886 ac
1350 2821 1447 2907 plane

22 2925 184 3011 congruit,
217 2927 304 3009 quod
324 2927 410 2994 infra
430 2927 474 2993 II.
498 2927 515 2992 1
539 2928 704 3012 Augustus
734 2927 812 2995 dicit
841 2946 876 2993 se
902 2925 1110 3011 patriciorum
1131 2944 1295 2992 numerum
1317 2927 1447 2994 auxisse

17 3024 111 3107 jassa
127 3030 248 3112 papali
268 3037 300 3096 et
320 3038 465 3106 senatus,
498 3033 701 3116 servavitque
730 3031 777 3097 ibi
808 3032 906 3098 etiam
937 3030 1156 3116 metaphrasta
1181 3028 1266 3096 hunc
1295 3030 1448 3098 ordinem

23 3127 64 3195 Et
84 3133 141 3201 illo
164 3133 295 3217 quidem
316 3135 387 3202 loco
410 3137 480 3222 ipse
501 3137 716 3202 Mommsenus
737 3133 948 3222 probabiliter
974 3135 1124 3220 explicat,
1146 3140 1220 3220 post
1241 3134 1347 3218 legem
1369 3135 1447 3204 Soe-

23 3235 109 3302 niam
137 3235 240 3304 latam
261 3237 375 3306 eadem
398 3238 437 3306 de
460 3261 496 3308 re
517 3239 638 3307 lactum
667 3257 738 3306 esse
768 3244 899 3306 senatus
928 3237 1113 3304 consultum
1163 3239 1225 3305 Hic
1254 3245 1362 3307 autem
1384 3261 1446 3324 qna

23 3347 115 3423 pacto
138 3339 298 3409 dictatura
319 3343 429 3411 oblata
450 3345 492 3412 sit
513 3344 658 3430 Augusto
680 3343 743 3411 Dio
767 3343 802 3410 O.
824 3343 906 3428 LIV,
930 3341 947 3406 1
971 3341 1158 3429 planissime
1181 3344 1326 3429 exponit:
1355 3345 1448 3431 plebs

24 3444 106 3510 enim
126 3448 262 3533 urbana,
285 3467 357 3514 cunr
371 3449 556 3536 pestilentia
574 3449 695 3535 pariter
711 3455 808 3533 atque
823 3468 972 3515 annonae
989 3448 1124 3534 penuria
1135 3455 1316 3535 vexaretur,
1338 3447 1449 3514 δαισά-

25 3568 106 3632 sapa
128 3547 228 3616 αδσδν
247 3550 414 3638 ἠθέλησαν
430 3555 708 3639 προχειρίσασθαι,
732 3557 787 3617 καὶ
808 3553 867 3638 τήν
888 3575 921 3617 as
940 3552 1061 3639 βουλὴν
1082 3551 1340 3628 κατακλείσαντος
1360 3552 1394 3628 ἐς
1412 3554 1448 3618 οδ

24 3653 199 3740 συνέδριον,
221 3655 451 3741 δπηνδγκασαν
465 3659 556 3724 codro
571 3660 795 3745 ψηφίσασθαι,
819 3656 1024 3733 ἀπειλοῦντες
1038 3660 1125 3742 σφᾶς
1145 3662 1370 3743 καταπρήσειν,
1394 3661 1449 3722 καὶ

24 3759 99 3836 petet
121 3762 221 3824 eadee
243 3761 299 3836 τὰς
321 3761 463 3846 ῥάβδους
483 3764 541 3839 aaa
561 3765 718 3848 τέσσαρας
738 3767 793 3826 aral
813 3765 913 3826 εἴκοσι
935 3762 1105 3844 λαβόντες,
1139 3761 1338 3848 προσῆλθον.
1352 3759 1448 3850 αὐτῷ,

26 3857 204 3947 casareae
232 3887 262 3928 oe
291 3865 361 3950 apa
385 3865 530 3950 δεόμενοι
561 3865 735 3954 λεχθῆναι,
771 3870 825 3930 sal
858 3865 1046 3952 ἐπιμελητὴν
1075 3867 1130 3930 τοῦ
1153 3867 1254 3946 ottae,
1289 3867 1447 3952 καθάπερ

24 3970 99 4030 aeos
119 3968 176 4034 adv
195 3974 372 4056 Πομπήιον
392 3973 553 4051 γενέσθαι·
577 3973 686 4056 itaque
703 3971 846 4057 Vellejus
868 3972 911 4056 ΙΙ,
935 3973 986 4057 89,
1008 3970 1029 4036 5
1052 3975 1084 4036 et
1105 3969 1276 4036 Suetonius
1289 3970 1372 4055 Aug.
1395 3971 1447 4057 52,

26 4071 85 4153 qui.
99 4075 211 4159 paucis
233 4075 314 4142 haec
335 4078 485 4163 abigant,
506 4078 617 4164 populi
637 4082 762 4142 tantum
783 4076 978 4143 mentionem
999 4074 1138 4159 faciunt3
1163 4079 1195 4140 et
1216 4073 1358 4161 Vellejus
1380 4076 1448 4160 qui-

27 4173 97 4242 dem
119 4198 190 4348 eupli
211 4181 372 4264 significat
392 4183 545 4270 populum
566 4182 695 4269 saepius
717 4180 908 4248 dictaturam
929 4180 1075 4267 Augusto
1099 4177 1268 4266 detulisse,
1303 4181 1451 4267 congruit

28 4295 96 4346 aum
116 4282 151 4350 in
175 4283 232 4350 'aa

98 4549 124 4619 1)
144 4551 270 4620 Uterque
291 4566 372 4608 casus
390 4547 547 4620 promiscue
566 4546 736 4613 adhibetur,
762 4547 947 4616 varieturque
965 4548 1108 4602 structura
1126 4547 1205 4604 nullo
1224 4564 1336 4618 prorsus
1352 4546 1451 4602 discri-

28 4633 113 4705 mine,
138 4640 374 4710 quemadmodum
398 4639 459 4710 ipse
474 4638 619 4709 Augustus
638 4638 713 4694 infra
730 4638 780 4705 ΙΙΙ,
803 4637 835 4692 12
855 4636 980 4709 scripsit:
1013 4637 1157 4692 trabuar'er'a
1173 4641 1300 4709 potestate
1320 4636 1452 4691 duodeci-

29 4741 107 4796 mam,
129 4733 158 4788 et
178 4731 224 4788 15:
244 4729 400 4784 redonatae
414 4728 557 4800 potestatis
571 4727 819 4782 duodevicesimam.

97 4846 125 4918 2)
142 4847 209 4904 Alia
227 4845 367 4917 quaedam
386 4844 535 4915 exempla,
563 4845 644 4901 velut
662 4845 739 4915 quod
757 4845 788 4902 in
806 4845 922 4902 Aemilii
940 4845 1024 4902 Pauli
1048 4845 1134 4902 titulo
1153 4843 1332 4916 Hispaniensi
1358 4860 1447 4914 nuper

29 4937 137 5001 reperta
154 4940 197 4996 est
215 4937 279 4992 dam
292 4936 413 5007 popular
430 4939 589 5005 sanaturque
609 4937 751 4990 Romanae
769 4937 852 5002 vellet,
874 4937 905 4990 et
922 4935 953 4990 in
971 4935 1084 4992 foedere
1103 4952 1167 4991 anm
1180 4933 1451 5006 Astypalneensibus

31 5019 101 5080 lacto
123 5025 136 5080 δ
154 5028 240 5102 δῆμος
255 5026 302 5084 καὶ
319 5025 334 5094 ἦ
350 5024 432 5097 βουλὴ
450 5025 511 5098 ipse
524 5025 713 5085 Mommsenue
725 5026 756 5082 in
768 5026 873 5084 Herma
891 5025 941 5094 ΠΙ,
960 5025 1011 5081 261
1032 5041 1110 5093 seqq.
1130 5024 1286 5094 prudenter
1304 5021 1450 5092 expendit.
1553 5057 1556 5064 =
