3384 5510
742 307 790 383 49

22 477 150 564 ma[si
170 483 251 548 esset
272 481 481 568 amaldo-is]
503 481 723 570 sumatque]
741 503 831 570 pom
852 501 933 552 sane
954 482 1037 552 lraec
1051 481 1274 572 supplementa
1293 480 1339 554 ad
1351 483 1474 556 omre

24 604 117 654 rum
136 586 306 676 reliquias,
336 609 416 674 quas
444 589 531 658 solos
553 590 703 660 Perrotus
723 589 967 677 animadvertit,
996 590 1184 672 srmusvr
1214 589 1360 676 proxime
1382 609 1474 660 acce·

28 688 136 777 dunt,
164 691 224 760 sed
243 695 405 778 terrestris
425 696 614 779 uocatusque
630 717 703 780 pau
724 695 795 764 sine
817 695 963 782 exemplo
992 695 1132 782 positum
1160 693 1217 762 vix
1238 693 1407 764 admittere
1428 693 1478 764 vis

31 794 142 866 detur
162 800 318 866 sermonis
347 799 559 886 latinitatis,
591 821 630 868 ac
652 801 706 870 vel
725 799 866 868 maxims
895 799 1031 869 offendit
1058 800 1139 868 haec
1160 799 1333 871 insolentia
1354 800 1390 866 in
1410 800 1477 868 Au·

30 902 135 985 gusti
157 904 404 991 commentario,
439 905 495 990 qui
516 905 588 992 puri
609 911 642 973 et
662 905 743 972 nihil
771 925 870 993 supra
897 904 1029 974 modum
1050 925 1087 976 ss
1108 905 1291 974 extollentis
1320 904 1477 972 sermonis

30 1005 109 1074 tuit
130 1008 391 1078 studiosissimus.
435 1011 540 1096 Igitur
559 1011 691 1098 scripsi:
722 1009 818 1101 [Cum
835 1009 912 1100 p]er
934 1018 1034 1080 totum
1055 1009 1239 1100 i[mperium
1257 1007 1388 1098 popule·
1408 1009 1477 1078 Rc-

29 1111 151 1201 mapa*
180 1121 268 1182 terra
289 1118 436 1201 marique
465 1116 571 1208 es]se[t
590 1117 667 1208 uolo
690 1116 802 1208 du[bia
826 1117 940 1207 parta]
957 1139 1040 1204 pau.
1083 1119 1225 1186 Litterae
1247 1123 1478 1186 evanescentes

30 1219 149 1286 esSEt
175 1222 248 1288 noll
269 1222 385 1288 Dlltia
412 1222 509 1290 facile
534 1207 684 1311 poterant
699 1207 707 1224 ’
721 1244 794 1291 eam
828 1224 969 1310 speciem
998 1224 1174 1311 praebere,
1208 1242 1305 1307 quam
1325 1225 1477 1291 Perrotus

31 1321 189 1390 exhibet
241 1326 285 1392 Ut
306 1327 471 1412 Augustus
492 1348 557 1395 usu
579 1328 710 1396 datiam
732 1327 815 1394 dixit
843 1347 974 1414 pacem,
1005 1327 1053 1395 ita
1074 1326 1187 1414 Vellej.
1206 1328 1250 1415 11,
1271 1329 1330 1396 38:
1372 1334 1478 1396 certae

25 1428 142 1510 pacis
163 1437 384 1512 arpumerstum
406 1432 517 1500 Jonas
535 1435 682 1518 pominus
701 1434 841 1500 omasus.
893 1434 996 1500 Terra
1018 1433 1166 1516 marique
1184 1440 1288 1515 parta
1305 1454 1378 1517 pau
1400 1432 1479 1500 dici·

31 1537 209 1600 turmore
231 1534 364 1622 solenni,
386 1542 422 1603 ut
444 1543 493 1604 est
514 1537 602 1624 apud
623 1537 752 1606 Sueton.
774 1539 857 1623 Aug.
880 1539 941 1604 22ε
970 1537 1095 1606 Jarmm
1120 1537 1290 1620 Quirinum
1313 1539 1409 1606 semei
1430 1544 1478 1606 at·

35 1660 110 1723 qus
132 1640 250 1708 iterum
273 1664 294 1708 a
315 1644 445 1711 condita
465 1645 544 1710 uste
572 1645 616 1712 ad
644 1646 830 1712 memoriam
863 1664 957 1711 suam
985 1643 1129 1711 clausum
1151 1643 1186 1708 iu
1208 1643 1307 1710 multo
1335 1643 1478 1710 breuiore

36 1747 203 1828 temporis
224 1748 331 1830 spatio
353 1755 442 1817 terra
462 1743 609 1833 marique
624 1769 709 1833 pace
726 1757 830 1834 parta
852 1755 901 1816 ter
923 1749 1027 1816 clusit.
1074 1748 1145 1816 Liv.
1167 1747 1194 1834 Ι,
1218 1747 1270 1832 19,
1291 1747 1330 1812 3:
1367 1745 1480 1814 Joaus

36 1853 180 1918 clausus
198 1852 266 1934 suit
285 1860 422 1936 -post
450 1854 565 1922 beilum
586 1856 757 1923 Actiacum
780 1855 820 1922 als
843 1855 1038 1938 imperatore
1064 1853 1204 1922 Caesare
1229 1852 1377 1935 Auqustc
1396 1867 1479 1935 pace

37 1962 140 2023 terra
161 1957 306 2039 marique
324 1966 437 2040 parta.
481 1960 607 2028 Seneca
629 1960 670 2027 de
691 1966 794 2028 morte
815 1958 944 2026 Claudii
968 1960 1010 2024 10
1031 1958 1137 2046 ipsum
1158 1958 1340 2041 Augustum
1372 1953 1479 2023 diceu-

36 2067 113 2128 tem
134 2059 243 2126 finxit:
265 2063 302 2127 ia
322 2063 380 2129 lsoc
402 2069 491 2130 terro
513 2067 659 2149 marique
677 2085 792 2149 pacem
809 2065 934 2148 peperi.
978 2063 1018 2130 In
1039 2063 1132 2130 titulo
1153 2067 1290 2147 statuae,
1313 2078 1396 2144 quse
1413 2059 1478 2127 Au·

41 2171 147 2250 gusto
168 2166 203 2231 in
225 2165 295 2233 loro
317 2165 426 2234 dicata
448 2177 497 2236 est
526 2170 652 2237 deviato
675 2171 749 2237 Sex.
769 2169 932 2257 Pompeio,
965 2168 1119 2255 seriptum
1139 2167 1201 2234 fuit
1227 2171 1309 2232 teste
1329 2163 1480 2250 Appiano

40 2271 91 2340 de
114 2271 144 2338 b.
167 2270 236 2338 div.
258 2271 297 2357 V,
321 2274 401 2340 130:
437 2276 493 2359 τὴν
515 2273 644 2360 εἰρήνην
672 2273 922 2360 ἐστασιασμένην
945 2273 981 2338 ἐκ
1003 2271 1129 2339 πολλοῦ
1156 2271 1322 2355 συνέστησε
1344 2267 1427 2332 κατά
1448 2289 1481 2333 ss

41 2377 112 2460 γῆν
133 2379 188 2438 sot
209 2375 398 2443 θάλασσαν.
443 2379 523 2445 Item
546 2379 581 2445 in
602 2380 738 2447 Neronis
761 2379 912 2466 nummis,
946 2378 1001 2463 qui
1029 2378 1108 2446 faeti
1137 2382 1211 2444 sunt
1237 2375 1272 2441 in
1292 2373 1481 2442 memoriam

42 2481 68 2549 J
72 2479 130 2546 ani
152 2478 257 2548 denuo
280 2482 339 2548 sub
360 2481 421 2550 hoo
443 2485 588 2572 principe
610 2485 721 2571 clausi,
739 2506 824 2570 pace
847 2492 936 2552 terra
956 2486 1104 2568 marique
1126 2481 1178 2550 vel
1200 2481 1317 2564 ubique
1332 2479 1358 2568 ¹)
1372 2486 1481 2563 parta

41 2585 178 2670 legitur.
200 2624 241 2635 —
263 2586 306 2674 ΙΙ,
328 2589 372 2654 44
394 2612 415 2655 a
437 2591 567 2658 condita
589 2590 667 2658 urbe
689 2591 781 2676 dedi,
811 2611 888 2658 nam
912 2593 961 2657 tot
990 2589 1148 2658 elementa
1170 2587 1350 2673 intercepta
1370 2577 1481 2654 viden-

42 2697 112 2776 tur‚
144 2697 240 2777 atque
262 2693 358 2779 plane
380 2693 424 2760 ad
451 2695 589 2764 eundem
616 2693 746 2764 modum
768 2696 948 2783 Suetonius,
979 2715 1061 2764 non:
1095 2694 1136 2762 ab
1158 2693 1237 2760 urbs
1259 2711 1286 2760 a.
1307 2729 1352 2741 -
1371 2687 1415 2777 11,
1437 2687 1481 2757 45

43 2811 193 2879 secatus,
222 2796 307 2882 quod
327 2797 510 2871 interseruit
529 2803 759 2890 Mommsenus‚
792 2802 908 2890 abjeci,
940 2821 1013 2868 cum
1034 2799 1109 2866 huic
1130 2797 1289 2867 vocabulo
1311 2797 1417 2864 nullus
1439 2793 1482 2864 sit

44 2901 159 2987 locus,
188 2922 293 2988 neque
318 2910 534 2977 necessarium
563 2911 620 2978 sit:
657 2910 814 2997 interpres
847 2909 888 2976 de
916 2927 976 2977 suo
1005 2905 1140 2975 addidit
1182 2905 1334 2972 Fortasse
1363 2902 1484 2987 aliquis

46 3007 226 3094 existimet·
246 3007 346 3076 tuisse
377 3009 429 3079 hic
461 3015 614 3101 seriptum
634 3036 665 3084 v.
686 3016 729 3082 42
752 3017 893 3083 classem
915 3020 998 3082 etv.
1020 3013 1064 3080 45
1087 3009 1294 3090 cludendum,
1330 3006 1482 3092 quemad-

45 3111 182 3180 modum
203 3111 238 3180 in
260 3115 397 3184 Neronis
419 3118 556 3188 nummis
578 3120 692 3190 eadem
714 3119 755 3187 de
776 3141 812 3188 re
834 3119 931 3188 clusit
952 3123 1042 3187 extet
1055 3115 1099 3208 ²)3
1134 3115 1241 3185 obstet
1268 3119 1377 3181 autem
1405 3112 1482 3181 huic

127 3389 154 3463 1)
177 3388 251 3447 Item
269 3389 359 3448 Varro
377 3388 411 3448 de
428 3391 448 3448 l.
466 3392 486 3448 l.
505 3391 539 3461 V,
561 3391 627 3450 164:
652 3392 704 3463 jus
727 3393 877 3450 institutum
900 3411 917 3450 a
937 3392 1087 3470 Pompeiis,
1114 3397 1145 3448 ut
1166 3391 1261 3449 sentit
1281 3393 1311 3450 irs
1329 3392 1483 3454 Ascuam

53 3478 129 3546 Piso,
151 3485 182 3534 ut
200 3481 236 3536 sit
253 3487 348 3553 aperta
366 3498 484 3554 semper,
511 3482 567 3538 sisi
587 3502 648 3539 cum
676 3484 773 3540 isdum
797 3485 832 3540 sit
857 3503 1001 3558 amquam.
1045 3483 1161 3542 Sueten.
1184 3483 1253 3540 Ner.
1273 3484 1324 3541 14:
1353 3490 1482 3562 tauquam

50 3569 129 3624 nulio
147 3569 214 3624 bello
232 3571 348 3626 residuo.
1304 3561 1307 3572 ’

126 3658 155 3729 2)
174 3659 332 3730 Antiquam
354 3679 414 3718 esse
439 3661 513 3728 hanc
535 3661 667 3720 vocabuli
690 3662 810 3720 formam
836 3662 920 3718 docet
943 3660 1033 3733 ipsius
1050 3660 1117 3718 iani
1134 3664 1353 3734 cognomentum
1375 3663 1484 3720 Clusius

53 3747 136 3804 Ovid.
155 3747 232 3804 Fast.
249 3749 272 3816 Ι,
291 3751 353 3819 282,
371 3753 433 3823 (ubi
452 3752 503 3808 alii
521 3753 589 3809 libri
612 3753 738 3807 Classius
755 3753 802 3809 vel
826 3751 967 3822 Claudius)
993 3749 1052 3806 sive
1076 3749 1210 3805 Classicius
1228 3749 1364 3821 (Maerob.
1383 3751 1443 3808 Sat.
1459 3753 1483 3822 1,

53 3842 80 3907 9,
102 3841 143 3894 16.
162 3840 238 3897 Serv.
248 3841 329 3914 Virg.
340 3843 409 3899 Aen.
427 3843 488 3910 VII,
508 3844 581 3917 610),
599 3842 667 3900 hine
685 3857 742 3899 non
760 3844 804 3898 est
821 3841 934 3908 mirum,
952 3857 1016 3896 eam
1033 3838 1195 3896 adhibitam
1213 3857 1281 3910 esse,
1299 3840 1350 3897 ubi
1367 3840 1402 3896 de
1418 3840 1485 3898 iani

53 3930 160 4002 templo
178 3931 336 3988 claudendo
356 3933 462 3990 mentio
481 3935 525 4002 fit,
550 3951 723 4004 quamquam
741 3934 818 4006 apud
836 3931 1013 4004 antiquiores
1031 3929 1183 4001 scriptores
1194 3929 1278 4002 hujus
1295 3930 1403 3988 formae
1420 3931 1485 3988 nul·

53 4019 115 4075 lum
134 4023 214 4077 extat
233 4021 399 4093 vestigium
418 4041 485 4079 nam
504 4025 580 4096 apud
599 4025 680 4082 Ovid.
699 4025 775 4081 Fast.
793 4026 815 4092 Ι,
834 4023 903 4080 282ε
927 4023 1110 4094 Caesareoque
1130 4019 1178 4074 diu
1196 4022 1301 4075 aomina
1320 4024 1426 4078 clausus
1437 4041 1483 4078 era

53 4127 127 4166 unus
153 4113 267 4166 tantum
290 4111 377 4178 liber,
401 4115 436 4168 nt
453 4113 581 4181 videtur,
610 4117 698 4170 elusus
715 4116 843 4187 praebet.
880 4113 954 4181 Quid
972 4112 1005 4168 in
1022 4110 1118 4168 Verrii
1134 4109 1230 4166 Flacci
1247 4111 1322 4168 raa.
1340 4113 1485 4170 Praenest.

54 4199 193 4270 scriptum
211 4199 312 4267 inerit,
336 4219 393 4257 non
410 4203 535 4271 constat,
560 4221 626 4259 narn
651 4203 844 4260 adnotationis
864 4203 900 4258 ad
920 4202 995 4258 diem
1014 4199 1068 4256 XII
1086 4217 1124 4254 m.
1141 4199 1204 4255 lau.
1221 4200 1292 4258 haec
1310 4201 1370 4257 sola
1388 4219 1486 4272 super·
1584 4231 1586 4236 ,

55 4292 122 4346 sunt
138 4291 263 4348 IANVM
282 4291 311 4348 O.
330 4292 443 4348 Titulus
461 4310 507 4364 ap.
525 4294 610 4351 Orell.
629 4295 651 4363 1,
671 4295 724 4350 620
743 4297 813 4350 eluso
831 4294 902 4348 Jans'
918 4293 1023 4364 tempto,
1045 4308 1110 4348 cum
1127 4287 1239 4358 reliqua
1254 4287 1409 4360 peritrissis
1436 4307 1484 4346 0¹1·

52 4381 100 4456 jus
119 4381 157 4437 sit
175 4381 279 4438 aetatis
297 4382 446 4438 incertum.
477 4383 692 4456 Hispaniensem
709 4383 926 4456 inscriptionem
943 4383 1020 4455 apud
1033 4381 1186 4438 Gruterum
1203 4395 1232 4448 p.
1254 4379 1313 4446 149,
1332 4378 1486 4447 quamnlti

54 4471 184 4527 homines
202 4472 280 4528 docti
297 4471 341 4526 usi
359 4473 440 4540 sunt,
465 4473 546 4529 velut
564 4475 744 4530 Oasaubonus
766 4474 803 4529 ad
822 4473 899 4530 Suet
918 4473 992 4545 Aug.
1012 4473 1047 4527 22
1066 4473 1097 4528 et
1115 4468 1226 4524 Franke
1250 4466 1280 4522 in
1302 4467 1367 4524 fast
1385 4469 1485 4525 Horat·

55 4580 84 4634 p.
103 4561 155 4617 229
181 4561 343 4631 (Hiibnerus
360 4578 452 4630 neque
478 4563 620 4634 germanis
643 4581 735 4646 neque
759 4561 920 4620 subditiciis
947 4561 1041 4618 titulis
1064 4559 1180 4617 videtur
1208 4555 1371 4630 inseruisse)
1395 4557 1485 4614 eciem

56 4651 262 4727 praetermitto.
285 4651 361 4707 Nero
372 4650 488 4720 quidem
500 4651 683 4722 antiquitatis
701 4653 795 4708 studio
814 4652 917 4708 duetus
934 4649 1116 4722 praeoptavit
1124 4648 1227 4701 Jauum
1246 4647 1331 4713 cluat,
1351 4645 1486 4718 quemad·
1599 4721 1606 4734 1

56 4739 170 4797 modum
188 4739 306 4812 plurimi
323 4739 462 4812 principis
480 4741 588 4797 nummi
606 4743 761 4812 testantur,
788 4742 846 4799 vid.
866 4741 963 4798 Gohsn
980 4758 1086 4796 numm.
1109 4739 1179 4808 imp.
1194 4735 1219 4802 1,
1239 4737 1300 4803 179,
1321 4735 1363 4804 11,
1381 4739 1412 4793 et
1433 4736 1485 4792 195

57 4831 154 4899 -198,
172 4832 259 4900 atque
278 4831 320 4887 ita
339 4831 453 4889 Sueten.
472 4831 546 4904 Aug.
564 4832 611 4887 22:
629 4831 733 4890 Jauum
755 4832 899 4893 Quirinum
917 4833 1001 4894 semel
1016 4836 1095 4902 atquo
1113 4827 1211 4882 iterum
1229 4825 1352 4880 clausum
1444 4829 1486 4878 ter

58 4921 142 4988 clusit,
163 4920 211 4978 sed
230 4918 298 4977 Ner.
319 4921 365 4978 14:
390 4922 495 4980 Jaaum
511 4921 647 4996 pemirmm
665 4921 768 4988 claust,
788 4921 859 4980 item
877 4921 977 4978 Florus
994 4919 1031 4988 11,
1050 4916 1206 4982 sesanam
1224 4915 1361 4986 persicum
1378 4912 1487 4968 cludere

56 5015 96 5068 ur
115 5015 176 5068 one
193 5027 223 5066 ss
241 5011 345 5068 clumm
363 5011 487 5086 scripsit.
522 5011 643 5072 Omnino
660 5014 759 5071 summ
774 5011 829 5070 hae
846 5011 938 5072 torma
959 5011 1076 5086 praeter
1089 5006 1263 5084 gramaticae
1278 5003 1385 5084 passim
1402 5004 1489 5064 utun·

1177 5105 1205 5178 4
