3384 5510
740 271 790 344 3„

30 469 170 517 marsum
201 448 333 518 audere
354 443 433 535 (erc.
460 443 598 522 aditis.
618 442 691 532 uu,
712 442 791 532 5¹),
824 441 865 510 ci.
891 441 1003 534 ettam,
1019 439 1107 514 eret
1135 438 1207 513 stt.
1234 439 1280 512 34
1311 446 1481 513 temerat

32 555 264 641 quadruplam
285 561 427 622 strenam
446 559 477 620 et
499 553 538 620 de
565 571 664 623 mama
684 547 832 636 reddere)
853 550 916 616 huc
942 563 1009 618 nou
1037 545 1194 633 quadrat,
1226 545 1287 619 sed
1314 547 1484 618 commode

31 683 230 751 componas,
252 661 337 747 quod
359 659 528 726 Terentius
550 656 678 744 scripsit
699 654 782 722 And.
804 655 860 742 IV,
884 655 913 722 1.
934 654 994 722 2i:
1024 653 1106 736 qm‘d
1126 653 1210 720 istae
1231 659 1299 720 tum
1320 654 1479 738 mirumst,

32 768 72 836 de
89 777 120 836 te
143 770 177 836 si
200 768 381 850 exemptam
403 767 501 848 eupit,
523 763 580 830 ubi
599 764 746 830 Donatus
767 761 883 830 mirum
904 759 938 828 in
960 758 1090 827 modum
1110 757 1243 828 fluctuat
1256 757 1293 848 ²),
1314 757 1480 830 inmemor

31 881 170 962 poetam
202 875 288 941 hunc
317 871 463 939 similiter
484 871 518 936 in
541 867 602 935 Ad.
624 869 684 954 HI,
707 870 737 953 3,
760 869 802 934 62
825 866 963 936 dixisse:
998 872 1094 949 atque
1115 886 1155 932 ea
1178 865 1254 932 alite
1275 885 1399 934 sanare
1422 887 1477 934 ea-

32 982 182 1063 emptum
212 979 285 1045 citt.
329 977 411 1044 Item
432 974 600 1042 Plautinus
628 993 740 1042 versus
762 975 854 1040 Most.
877 973 941 1040 tre
964 972 1003 1039 de
1025 971 1168 1054 coempto
1198 992 1266 1039 mcc
1296 972 1366 1055 ipse
1389 973 1479 1040 aedt-

30 1089 133 1170 ficato
158 1082 383 1168 adhibendus,
419 1101 501 1168 quae
523 1079 643 1148 ibidem
665 1081 729 1148 tea
751 1080 902 1165 leguntur
921 1079 962 1146 in
977 1078 1048 1148 loeo
1069 1077 1210 1167 pessime
1230 1077 1352 1166 habito,
1381 1097 1483 1166 quem*

32 1212 100 1258 non
125 1189 298 1277 expedivit
319 1187 523 1272 Bitschelius,
546 1186 581 1253 in
602 1185 687 1254 hunc
709 1185 839 1254 modum
860 1186 1003 1270 corrigo:

172 1296 269 1362 Nunc
290 1293 365 1360 hino
387 1291 568 1379 exemplum
590 1311 705 1377 capere
727 1291 803 1378 volt,
824 1291 889 1360 nisi
909 1297 945 1360 tu
965 1291 1067 1362 nevis

177 1401 230 1468 Ne
251 1399 308 1468 ille
330 1421 370 1466 ea
391 1399 533 1482 mcltqmo
556 1397 631 1464 bime
656 1419 751 1480 opere
772 1404 863 1464 aesta
885 1397 1066 1483 exemplum
1087 1395 1176 1484 perit

32 1507 89 1573 vel
111 1507 236 1592 potius,
259 1505 411 1590 quoniam
431 1504 484 1570 hio
506 1503 676 1570 verborum
699 1503 786 1590 crdo,
810 1523 903 1590 quem
924 1501 996 1572 libri
1019 1508 1156 1590 tuentur,
1179 1521 1245 1574 uon
1265 1501 1370 1575 solun
1390 1500 1475 1575 inem

32 1611 139 1678 lentia
163 1611 225 1678 sed
247 1611 344 1677 etiam
366 1608 577 1692 ambiguitate
599 1608 743 1695 offendit,
859 1652 862 1658 ·
904 1693 906 1696 Ι

173 1719 225 1784 Ne
247 1715 302 1783 ille
325 1735 364 1780 em
386 1716 526 1798 motique
549 1720 640 1782 aesta
663 1735 757 1797 opere
779 1713 853 1782 bime
876 1714 1056 1803 exemplum
1077 1713 1166 1801 petit

34 1843 113 1888 nam
125 1823 230 1909 Simo,
252 1829 286 1888 ut
308 1841 435 1888 serrum
456 1820 623 1908 deterreat,
646 1821 724 1888 dicit
745 1818 844 1888 aedes
866 1827 991 1890 aestate
1019 1840 1089 1892 cese
1110 1818 1308 1892 insalubres:
1330 1839 1370 1889 ae
1390 1839 1476 1894 nunc

35 1926 170 1996 demum
193 1948 234 1995 ea
256 1947 338 2016 quae
359 1929 595 2014 subsequuntur
616 1927 727 2000 ordine
749 1927 933 2018 procedunt

673 2250 754 2344 Cap.
776 2252 844 2326 IX.

127 2427 213 2497 Loci
242 2425 383 2514 graviter
413 2425 551 2495 mutilati
580 2427 736 2496 restitutio
766 2447 851 2494 nuno
876 2425 1003 2494 demum
1035 2425 1205 2511 successit,
1238 2424 1296 2493 ubi
1326 2441 1478 2510 graecam

37 2533 340 2622 interpretationem
372 2532 460 2599 nacti
494 2553 602 2600 sumus
614 2585 623 2621 ,
666 2554 859 2620 quamquam
893 2532 991 2600 etiam
1023 2549 1108 2598 nunc
1142 2527 1265 2618 passim
1296 2527 1476 2616 haeremus,

39 2638 303 2725 quandoquidem
326 2638 482 2723 interpres
503 2639 833 2706 nonnulla'lioentius
854 2637 959 2706 vertit.
1002 2636 1038 2703 P.
1060 2636 1104 2721 Π,
1128 2634 1169 2705 15
1186 2653 1251 2718 pro
1274 2633 1472 2700 salutamen

38 2746 172 2833 scripsi,
209 2745 423 2811 Mommsenus
447 2763 512 2824 pro
542 2743 725 2810 eetetmdr'ae
756 2764 826 2810 meu
838 2794 847 2830 ,
879 2738 1148 2828 quemadmodum
1168 2745 1217 2810 cst
1238 2737 1325 2809 infra
1345 2737 1389 2825 Π,
1412 2737 1474 2824 193

38 2849 257 2939 metaphrasis
287 2867 366 2915 sane
394 2853 527 2932 utroque
555 2849 626 2916 loco
655 2843 736 2936 ὑπὲρ
765 2850 817 2934 τῆς
838 2848 917 2934 ἐμῆς
938 2849 1108 2934 σωτηρίας,
1142 2862 1246 2930 neque
1278 2849 1387 2912 temen
1415 2842 1478 2914 hm

39 2957 215 3044 permagni
235 2954 388 3023 momenti
409 2960 467 3040 est,
497 2973 572 3021 nam
594 2960 760 3041 utrumque
781 2957 917 3023 latinum
940 2953 1133 3024 vocabulum
1154 2969 1272 3037 graem
1294 2951 1356 3018 hoe
1377 2949 1476 3019 serbo

41 3062 220 3148 permutari
241 3060 339 3126 licuit.
383 3057 541 3146 Equidem
558 3081 623 3144 pro
645 3063 749 3128 aetate
771 3061 918 3148 praetuli,
942 3059 1094 3146 quoniam
1111 3055 1146 3126 in
1160 3055 1210 3126 SC
1234 3055 1274 3124 de
1296 3054 1381 3124 ludis
1403 3073 1474 3124 sae·

40 3169 208 3234 cularibus
244 3166 315 3232 tadi
347 3186 411 3248 pro
447 3166 550 3233 salute
583 3166 735 3234 ansam's
764 3172 1003 3254 nuncupantur,
1043 3165 1226 3258 pariterque
1255 3159 1337 3232 Plin.
1366 3161 1407 3236 Η.
1436 3157 1476 3232 N.

39 3272 112 3360 VH,
136 3273 203 3342 158
226 3271 318 3338 tudes
334 3290 399 3352 pro
421 3271 533 3336 estate·
556 3271 624 3337 diet
646 3273 932 3356 Actaeaeacteae
954 3271 1053 3362 dicit,
1091 3269 1131 3341 de
1160 3289 1246 3340 anno
1276 3267 1341 3340 762
1374 3268 1476 3337 verba

44 3376 180 3466 faciens,
203 3383 238 3444 ut
259 3373 389 3443 eosdem
409 3374 636 3458 intelligendos
658 3397 730 3444 esse
751 3377 956 3445 manifestum
976 3377 1034 3446 sit:
1056 3375 1192 3446 alteram
1212 3373 1343 3464 quidem
1363 3374 1474 3462 appel·

41 3481 199 3551 lationem
219 3487 347 3548 tuentur
368 3479 501 3546 Antistii
519 3479 643 3548 Veteris
671 3483 792 3550 nummi
813 3501 842 3550 a.
865 3483 929 3550 738
950 3482 1029 3570 cusi,
1048 3481 1084 3550 in
1106 3481 1221 3568 quibus
1243 3482 1396 3570 scriptum
1411 3487 1476 3552 est:

38 3608 102 3670 pro
125 3587 310 3656 valetudine
335 3585 485 3655 Oeeeem'e
506 3605 531 3651 s.
549 3607 586 3668 p.
609 3607 638 3672 q.
662 3587 704 3654 R.
736 3586 1002 3672 quemadmodum
1035 3587 1118 3656 alias
1148 3597 1273 3674 quoque
1301 3587 1383 3656 haec
1413 3584 1476 3655 duo

43 3695 205 3762 vocabula
226 3692 405 3781 promiscue
427 3691 629 3779 adhibentur,
652 3714 844 3780 quamquam
858 3693 894 3761 in
906 3691 1029 3762 Aciliae
1051 3693 1157 3780 gentis
1179 3689 1329 3779 denariis,
1351 3693 1386 3760 in
1409 3691 1477 3781 qui·

42 3800 104 3867 bus
142 3809 176 3868 et
208 3799 329 3868 Salutis
359 3802 391 3866 et
424 3795 626 3870 valetudinis
662 3800 867 3873 simulacrum
910 3805 1087 3888 comparet,
1131 3797 1240 3872 dirimi
1277 3795 1476 3897 urerent.

118 4037 146 4109 1)
169 4037 264 4091 Totum
283 4035 394 4106 denique
419 4035 552 4090 bominem
581 4037 630 4092 te'be'
652 4037 691 4092 itu
717 4035 795 4091 made
815 4035 847 4091 de
865 4053 948 4091 meam
973 4039 1004 4090 at
1024 4036 1150 4105 ajamim
1168 4053 1278 4091 manum
1304 4041 1378 4092 tuum
1397 4037 1476 4092 setam

46 4130 72 4178 et
89 4126 201 4182 uictoria
220 4132 246 4180 et
256 4128 318 4199 fide
333 4130 530 4196 praestantem,
562 4127 612 4197 qui
631 4127 747 4199 quidem
771 4129 849 4184 locus
868 4126 937 4184 satis
955 4125 1103 4202 redarguit
1121 4124 1310 4183 Ritschelinm
1328 4125 1359 4184 in
1379 4127 1476 4184 Plauti

47 4213 211 4273 Trinummo
230 4218 296 4273 902:
323 4237 336 4270 e
356 4219 477 4273 manebus
496 4219 569 4272 dedit
586 4219 653 4273 miti
668 4220 724 4292 e'pm
741 4220 771 4274 im
788 4237 886 4275 mumma
901 4233 1056 4292 pronomen
1074 4214 1142 4274 mibi
1157 4218 1376 4298 expungentem,
1400 4218 1477 4290 quod

48 4307 149 4363 rocula
168 4307 262 4364 deleta
280 4308 444 4364 concinnior
461 4309 513 4364 fiat
531 4309 631 4365 oratio.

119 4396 148 4468 2)
174 4397 270 4451 Utrum
288 4397 319 4451 εἰ
338 4401 366 4450 te
385 4398 566 4466 imitatur,
592 4399 675 4454 amai
693 4397 731 4452 de
758 4403 787 4452 te
816 4399 1079 4472 ereiqe'tpoeaas,
1104 4397 1205 4470 mttpse
1223 4397 1301 4455 attuit
1329 4403 1475 4472 uterque

50 4489 207 4558 ecemplu
226 4487 262 4541 s'm
282 4492 312 4540 te
331 4487 447 4552 ederet,
468 4487 514 4540 sed
531 4490 624 4543 melias
643 4494 671 4542 te
690 4489 849 4543 imitatur
867 4489 1019 4560 acaptare.
1158 4473 1160 4480 '

121 4577 150 4648 3)
168 4577 222 4634 Pro
241 4577 406 4633 valetudine
424 4577 525 4648 populi
538 4577 644 4636 Romae
657 4580 737 4650 peste
751 4579 897 4652 grassante
909 4578 1021 4650 saepius
1039 4576 1230 4648 supplicatum
1249 4580 1300 4648 eet,
1317 4579 1368 4637 sed
1385 4578 1476 4637 nomi·

49 4664 140 4719 natim
157 4666 205 4722 hic
221 4667 310 4723 honos
328 4667 420 4739 primo
438 4667 571 4738 Pompejo
595 4670 638 4724 cst
659 4670 782 4736 habitus,
814 4687 878 4726 cnm
892 4669 924 4726 in
943 4669 1098 4742 Oampania
1121 4670 1288 4742 gravissima
1309 4672 1475 4730 valetudine

49 4753 217 4823 tentaretur,
235 4757 304 4812 tunc
323 4757 398 4812 eninr
416 4757 542 4811 aniverso
561 4757 643 4811 Italia
661 4763 724 4813 cota
736 4777 791 4829 pro
810 4761 894 4814 catate
911 4763 978 4829 ejas,
994 4761 1083 4831 primi
1098 4762 1217 4819 ornatum
1235 4762 1340 4828 muium,
1361 4763 1475 4834 sarept

51 4841 328 4912 reversurae
352 4844 465 4912 seribib,
501 4859 579 4902 more
604 4863 654 4903 sno
679 4863 739 4903 rem
766 4863 954 4920 exaggerans,
982 4866 1048 4905 nam
1072 4849 1244 4922 Campaniae
1268 4853 1381 4908 6666661
1405 4849 1475 4909 civi·

50 4930 123 4986 tates
141 4934 274 4990 videntur
292 4935 362 4990 haec
381 4937 448 4991 vota
466 4935 580 5003 fecisse,
607 4937 768 5007 meritoque
787 4937 884 4994 Cicero
902 4939 975 4994 hanc
993 4937 1194 4996 Graeculorum
1211 4942 1357 4999 hominnm
1375 4942 1474 4999 edula·

49 5019 297 5100 tionemfcastigat
315 5025 428 5082 TuscuL
444 5025 466 5094 I,
486 5027 520 5082 35
525 5049 534 5094 ;
552 5043 725 5100 quamquam
742 5028 796 5086 Dic
815 5045 928 5101 qnoque
945 5029 1016 5101 ΧῑιΙ,
1034 5031 1051 5090 6
1069 5029 1141 5090 dicit
1157 5031 1247 5095 adure
1264 5031 1301 5096 etr
1317 5027 1401 5090 stade
1421 5024 1470 5096 cde
